LDR  01077cas  2200313 a 4500
=001  8272
=005  20160611165803.0
=008  840316c19849999nyuar\\\\\\\\\0\\\a0eng\d
=010  \\$a   85645716 $zsn 84009833
=022  0\$a0743-1740$21
=035  \\$a(OCoLC)ocm10530019 
=035  \\$a(OCoLC)10530019$z(OCoLC)11006977$z(OCoLC)37603612
=040  \\$aNSD$cNSD$dDLC$dNST$dDLC$dOCL$dNST$dNST$dCOO$dSYS$dGUA$dIUL$dLVB$dOCLCQ$dUtOrBLW
=049  \\$aOEKA
=082  0\$a813/.0876/08$219
=130  0\$aYear's best science fiction (New York, N.Y.)
=245  14$aThe year's best science fiction ... annual collection.
=246  30$aScience fiction
=260  \\$aNew York :$bBluejay Books,$c1984-
=300  \\$avolumes ;$c23 cm
=310  \\$aAnnual
=336  \\$atext$btxt$2rdacontent
=337  \\$aunmediated$bn$2rdamedia
=338  \\$avolume$bnc$2rdacarrier
=362  0\$a1st annual collection-
=500  \\$aPublishers: Bluejay Books, 1984- ; St. Martin's Press, <1987->
=650  \0$aScience fiction, American$vPeriodicals.
=650  \0$aScience fiction$vPeriodicals.
=914  \\$a35482

