=LDR  01736cam  2200409 a 4500
=001  8645
=005  20160612022625.0
=008  870319t19871987nyu\\\\\\\\\\\000\1\eng\\
=010  \\$a   87009464 
=020  \\$a0671625829
=020  \\$a9780671625825
=035  \\$a(OCoLC)ocm15489920 
=035  \\$a(OCoLC)15489920$z(OCoLC)15478837
=040  \\$aDLC$cDLC$dXY4$dOCLCQ$dBAKER$dBTCTA$dYDXCP$dOCLCG$dMNJ$dUBY$dHNW$dOEK$dUtOrBLW
=049  \\$aOEKA
=050  00$aPR6051.D3352$bD5 1987
=050  14$aPZ4.A642$bD57 1987b
=082  00$a823/.914$219
=100  1\$aAdams, Douglas,$d1952-2001.
=245  10$aDirk Gently's Holistic Detective Agency /$cDouglas Adams.
=260  \\$aNew York :$bSimon and Schuster,$c[1987], {copy}1987.
=300  \\$a247 pages ;$c22 cm
=336  \\$atext$btxt$2rdacontent
=337  \\$aunmediated$bn$2rdamedia
=338  \\$avolume$bnc$2rdacarrier
=520  \\$aThe investigations of Dirk Gently, a private detective who is more interested in telekinesis, quantum mechanics and lunch than fiddling around with fingerprint powders, produce startling and unexpected results.
=521  8\$a1030L$bLexile
=610  20$aUniversity of Cambridge$vFiction.
=650  \0$aPrivate investigators$vFiction.
=651  \0$aCambridge (England)$vFiction.
=655  \7$aFantasy fiction.$2gsafd
=655  \7$aMystery fiction.$2gsafd
=776  08$iOnline version:$aAdams, Douglas, 1952-2001.$tDirk Gently's Holistic Detective Agency.$dNew York : Simon and Schuster, c1987$w(OCoLC)605011375
=776  08$iOnline version:$aAdams, Douglas, 1952-2001.$tDirk Gently's Holistic Detective Agency.$dNew York : Simon and Schuster, c1987$w(OCoLC)605552482
=856  1\$uhttp://www.douglasadams.com/
=914  \\$a36780
=994  \\$aC0$bOEK

