=LDR  00893cam  2200313 a 4500
=001  8718
=005  20160612022627.0
=008  911212t19821982nyu\\\\\\\\\\\000\1\eng\\
=020  \\$a0517548747 :$c{dollar}9.95
=035  \\$a(OCoLC)   82015470
=035  \\$a(WaOLN)2420223
=040  \\$cXX-XxUND$dUtOrBLW
=050  00$aPR6051.D3352$bL5 1982
=082  00$a823/.914$219
=100  1\$aAdams, Douglas,$d1952-2001.
=245  10$aLife, the universe, and everything /$cDouglas Adams.
=250  \\$a1st ed.
=260  \\$aNew York :$bHarmony Books,$c[1982], {copy}1982.
=300  \\$a227 pages ;$c20 cm
=336  \\$atext$btxt$2rdacontent
=337  \\$aunmediated$bn$2rdamedia
=338  \\$avolume$bnc$2rdacarrier
=521  8\$a1080L$bLexile
=526  \\$aAccelerated Reader$bUG$c7.6$d9$e9$z54122
=913  \\$aADALTUA99
=914  \\$a36983
=984  \\$a0204$cSCI FIC
=984  \\$a0226$cAda
=984  \\$a0213$cAda

