=LDR  00826nam  22003018  4500
=001  10135
=005  20160611165957.0
=008  930518s1993\\\\nyu\\\\\\\\\\\000\1\eng\\
=010  \\$a   93015627 
=020  \\$a0312852770 :$c{dollar}22.95
=035  \\$a(OCoLC)   93015627
=035  \\$a(WaOLN)8619871
=040  \\$aDLC$cDLC$dUtOrBLW
=050  00$aPS3551.N378$bH3 1993
=082  00$a813/.54$220
=100  1\$aAnderson, Poul,$d1926-2001.
=245  10$aHarvest of stars /$cPoul Anderson.
=260  \\$aNew York :$bTOR,$c1993.
=263  \\$a9308
=300  \\$apages ;$ccm.
=336  \\$atext$btxt$2rdacontent
=337  \\$aunmediated$bn$2rdamedia
=338  \\$avolume$bnc$2rdacarrier
=500  \\$a"A Tom Doherty Associates book."
=655  \7$aScience fiction.$2gsafd
=913  \\$aANDHOST99
=914  \\$a41784
=984  \\$a0204$cFICTION

