=LDR  00804cam  22002898a 4500
=001  10155
=005  20160611165958.0
=008  950207s1995\\\\nyu\\\\\\\\\\\000\1\eng\\
=010  \\$a   95006314 
=020  \\$a0312857608 (hardcover)
=035  \\$a(OCoLC)   95006314
=035  \\$a(WaOLN)9639751
=040  \\$aDLC$cDLC$dUtOrBLW
=050  00$aPS3551.N37442$bI45 1995
=082  00$a813/.54$220
=100  1\$aAnderson, Kevin J.,$d1962-
=245  10$aIll wind /$cKevin J. Anderson and Doug Beason.
=260  \\$aNew York :$bForge,$c1995.
=263  \\$a9506
=300  \\$apages ;$ccm.
=336  \\$atext$btxt$2rdacontent
=337  \\$aunmediated$bn$2rdamedia
=338  \\$avolume$bnc$2rdacarrier
=500  \\$a"A Tom Doherty Associates book."
=700  1\$aBeason, Doug.
=913  \\$aANDIWIN99
=914  \\$a41859

