=LDR  00859cam  2200301 a 4500
=001  10506
=005  20160612022723.0
=008  911212t19861986nyub\\\\\\\\\\000\1\eng\d
=020  \\$a0345318862 (pbk.) :$c{dollar}3.95
=035  \\$a(OCoLC)   85091155
=035  \\$a(WaOLN)3701501
=040  \\$aWaBeCo$cWaBeCo$dUtOrBLW
=082  00$a813/.5/4$219
=100  1\$aAnthony, Piers.
=245  10$aGolem in the gears /$cPiers Anthony.
=250  \\$a1st ed.
=260  \\$aNew York :$bBallantine Books,$c[1986], {copy}1986.
=300  \\$a327 pages :$bmap ;$c18 cm
=336  \\$atext$btxt$2rdacontent
=337  \\$aunmediated$bn$2rdamedia
=338  \\$avolume$bnc$2rdacarrier
=500  \\$a"A Del Rey book."
=526  \\$aAccelerated Reader$bUG$c5.3$d11$e11$z10859
=650  \0$aFantasy fiction.
=913  \\$aANTGITG99
=914  \\$a42996
=984  \\$a0213$cAnt
=984  \\$a0211$cPB

