=LDR  00873nam  22003138  4500
=001  10507
=005  20160612022723.0
=008  941114s1995\\\\nyu\\\\\\\\\\\000\1\eng\\
=010  \\$a   94041006 
=020  \\$a0312853912 :$c{dollar}22.95
=035  \\$a(OCoLC)   94041006
=035  \\$a(WaOLN)9497586
=040  \\$aDLC$cDLC$dUtOrBLW
=050  00$aPS3551.N73$bG35 1995
=082  00$a813/.54$220
=100  1\$aAnthony, Piers.
=245  10$aGeis of the Gargoyle /$cPiers Anthony.
=260  \\$aNew York :$bTOR,$c1995.
=263  \\$a9502
=300  \\$apages ;$ccm.
=336  \\$atext$btxt$2rdacontent
=337  \\$aunmediated$bn$2rdamedia
=338  \\$avolume$bnc$2rdacarrier
=500  \\$a"A Tom Doherty Associates book."
=526  \\$aAccelerated Reader$bUG$c5.4$d16$e16$z10858
=800  1\$aAnthony, Piers.$tXanth.
=913  \\$aANTGOTG99
=914  \\$a42998
=984  \\$a0211$cRCP

