=LDR  01257cam  2200385 a 4500
=001  10514
=005  20160611170019.0
=008  930607s1993\\\\nyub\\\\\\\\\\000\1\eng\\
=010  \\$a   93025511 
=019  \\$a798226520
=020  \\$a0312855648 (hardcover)
=020  \\$a9780312855642 (hardcover)
=035  \\$a(OCoLC)ocm28332439 
=035  \\$a(OCoLC)28332439$z(OCoLC)798226520
=040  \\$aDLC$beng$cDLC$dBAKER$dBTCTA$dYDXCP$dOCLCQ$dSXC$dO2H$dOCLCO$dCNAHP$dOCLCF$dP4I$dUtOrBLW
=049  \\$aZPJA
=050  00$aPS3551.N73$bI83 1993
=082  00$a813/.54$220
=100  1\$aAnthony, Piers.
=245  10$aIsle of woman /$cPiers Anthony.
=250  \\$a1st ed.
=260  \\$aNew York :$bTOR,$c1993.
=300  \\$a448 pages :$bmaps ;$c24 cm.
=336  \\$atext$btxt$2rdacontent
=337  \\$aunmediated$bn$2rdamedia
=338  \\$avolume$bnc$2rdacarrier
=490  1\$aGeodyssey ;$vv. 1
=500  \\$a"A Tom Doherty Associates book."
=520  \\$aThe first in a series about humanity's odyssey from savagery to civilization.
=650  \0$aPrehistoric peoples$vFiction.
=655  \7$aAlternative histories (Fiction)$2gsafd
=655  \7$aFantasy fiction.$2gsafd
=800  1\$aAnthony, Piers.$tGeodyssey;$vv. 1.
=914  \\$a43016
=994  \\$aC0$bZPJ

