=LDR  00818cam  22002898  4500
=001  10525
=005  20160611170020.0
=008  920229s1992\\\\nyu\\\\\\\\\\\000\1\eng\\
=020  \\$a031285305X :$c{dollar}18.95
=035  \\$a(OCoLC)   92006921
=035  \\$a(WaOLN)7819678
=040  \\$aDLC$cDLC$dUtOrBLW
=050  00$aPS3551.N73$bM68 1992
=082  00$a813/.54$220
=100  1\$aAnthony, Piers.
=245  10$aMouvar's magic /$cPiers Anthony and Robert E. Margroff.
=260  \\$aNew York :$bTOR,$c1992.
=263  \\$a9208
=300  \\$apages ;$ccm.
=336  \\$atext$btxt$2rdacontent
=337  \\$aunmediated$bn$2rdamedia
=338  \\$avolume$bnc$2rdacarrier
=500  \\$a"A Tom Doherty Associates book."
=700  1\$aMargroff, Robert E.,$d1930-
=913  \\$aANTMMAG99
=914  \\$a43037
=984  \\$a0204$cSCIENCE FICTION

