=LDR  01497cam  2200373 a 4500
=001  10547
=005  20160611170021.0
=008  940607s1994\\\\nyub\\\\\\\\\\000\1\eng\\
=010  \\$a   94021747 
=020  \\$a0312858116 (acid-free paper)
=020  \\$a9780312858117 (acid-free paper)
=035  \\$a(OCoLC)ocm30700563 
=035  \\$a(OCoLC)30700563
=040  \\$aDLC$beng$cDLC$dFIT$dBAKER$dBTCTA$dYDXCP$dGRR$dSXC$dOCLCO$dOCLCF$dP4I$dUtOrBLW
=049  \\$aZPJA
=050  00$aPS3551.N73$bS55 1994
=082  00$a813/.54$220
=100  1\$aAnthony, Piers.
=245  10$aShame of man /$cPiers Anthony.
=250  \\$a1st ed.
=260  \\$aNew York :$bTOR,$c1994.
=300  \\$a380 pages :$bmaps ;$c24 cm.
=336  \\$atext$btxt$2rdacontent
=337  \\$aunmediated$bn$2rdamedia
=338  \\$avolume$bnc$2rdacarrier
=490  1\$aGeodyssey ;$vv. 2
=500  \\$aSequel to: Isle of woman.
=500  \\$a"A Tom Doherty Associates book."
=520  \\$aA collection of stories on the history of mankind from early times to the present. Each story is set in a different part of the world at a different time--Europe in 1500 BC, Asia in 200 AD--but the protagonists always have the same names, a single family reborn again and again. Particular attention is paid to man's impact on the environment. By the author of the Isle of Women.
=650  \0$aPrehistoric peoples$vFiction.
=650  \0$aFantasy fiction.
=800  1\$aAnthony, Piers.$tGeodyssey;$vv. 2.
=914  \\$a43094
=994  \\$aC0$bZPJ

