=LDR  01846cam  2200409 a 4500
=001  11225
=005  20160612022747.0
=008  860123s1986\\\\nyu\\\\\\\\\\\000\1\eng\\
=010  \\$a   86002130 
=020  \\$a0385233124 :$c{dollar}16.95
=020  \\$a9780385233125
=020  \\$a038523709X (Ltd. Ed.)
=020  \\$a9780385237093 (Ltd. Ed.)
=035  \\$a(OCoLC)ocm13123192 
=040  \\$aDLC$cDLC$dBAKER$dXY4$dBTCTA$dYDXCP$dOCLCG$dUtOrBLW
=049  \\$aZPJA
=050  00$aPS3551.S5$bF594 1986
=051  \\$aPS3551.S5$bF594 1986b$cAnother issue. On spine: Signed limited ed. With extra leaf between half title and t.p.; on verso is a col. ill.; on recto, the statement "This specially bound and boxed edition ... commemorates his [Asimov's] 100th book published by Doubleday & Company, Inc. This edition is limited to 300 autographed copies." Lining papers printed with list of the 100 books. LC copy, deposited for copyright, is signed but not numbered; without the box.
=082  00$a813/.54$219
=100  1\$aAsimov, Isaac,$d1920-1992.
=245  10$aFoundation and earth /$cIsaac Asimov.
=250  \\$a1st ed.
=260  \\$aGarden City, N.Y. :$bDoubleday,$c1986.
=300  \\$a356 pages ;$c24 cm
=336  \\$atext$btxt$2rdacontent
=337  \\$aunmediated$bn$2rdamedia
=338  \\$avolume$bnc$2rdacarrier
=520  \\$aContinues the Foundation trilogy. Golan Trevise, former councliman of the First Foundation, is entrusted with formidable task--to determine the future of Galactic development.
=521  8\$a890L$bLexile
=530  \\$aAlso issued online.
=600  \0$aSeldon, Hari$c(Fictitious character)$vFiction.
=650  \0$aLife on other planets$vFiction.
=650  \0$aPsychohistory$vFiction.
=650  \0$aScience fiction$vJuvenile literature.
=655  \7$aScience fiction.$2gsafd
=914  \\$a45495
=994  \\$aC0$bZPJ

