=LDR  01169cam  2200349 a 4500
=001  11228
=005  20160612022747.0
=008  820505s1982\\\\nyu\\\\\\\\\\\000\1\eng\\
=020  \\$a0385177259
=035  \\$a(OCoLC)   82045450 //r83
=035  \\$a(WaOLN)2404794
=040  \\$cXX-XxUND$dUtOrBLW
=050  00$aPS3551.S5$bF6 1982
=082  00$a813/.54$219
=100  1\$aAsimov, Isaac,$d1920-1992.
=245  10$aFoundation's edge /$cIsaac Asimov.
=250  \\$a1st ed.
=260  \\$aGarden City, N.Y. :$bDoubleday,$c1982.
=300  \\$axi, 366 pages ;$c22 cm
=336  \\$atext$btxt$2rdacontent
=337  \\$aunmediated$bn$2rdamedia
=338  \\$avolume$bnc$2rdacarrier
=449  00$aHugo Award Novels 1955-2000 (Science Fiction)
=500  \\$a"This book, while self-contained, is a continuation of The foundation trilogy, which is made up of three books: Foundation, Foundation and empire, and Second foundation"--Afterword.
=521  8\$a910L$bLexile
=526  \\$aAccelerated Reader$bUG$c6.8$d22$e22$z34783
=913  \\$aASIFEDG99
=914  \\$a45502
=984  \\$a0204$cFICTION
=984  \\$a0211$cAsi$cASIMOV
=984  \\$a0213$cASIMOV
=984  \\$a0226$cASIMOV

