=LDR  00772nam  2200265   4500
=001  11234
=005  20160612022747.0
=008  910626t19931993nyu\\\\\\\\\\\000\1\eng\\
=020  \\$a0385247931
=035  \\$a(OCoLC)   92046655
=035  \\$a(WaOLN)7332121
=040  \\$aDLC$cDLC$dOrP$dUtOrBLW
=050  00$aPS3551.S5$bF58 1993
=082  00$a813/.54$220
=100  1\$aAsimov, Isaac,$d1920-1992.
=245  10$aForward the foundation /$cIsaac Asimov.
=260  \\$aNew York :$bDoubleday,$c[1993], {copy}1993.
=300  \\$a415 pages ;$c24 cm
=336  \\$atext$btxt$2rdacontent
=337  \\$aunmediated$bn$2rdamedia
=338  \\$avolume$bnc$2rdacarrier
=500  \\$a"A Foundation book."
=526  \\$aAccelerated Reader$bUG$c6.0$d19$e19$z52014
=913  \\$aASIFTFO99
=914  \\$a45515

