=LDR  00869cam  2200277   4500
=001  11238
=005  20160611170103.0
=008  950310t19951995nyu\\\\\\\\\\\000\0\eng\d
=020  \\$a006105206X
=035  \\$a(OCoLC)wln95041312
=035  \\$a(WaOLN)9579016
=040  \\$aAkA$cAkA$dUtOrBLW
=082  04$a813.5/4$220
=100  1\$aAsimov, Isaac,$d1920-1992.
=245  10$aGold :$bthe final science fiction collection /$cIsaac Asimov.
=260  \\$aNew York :$bHarperPrism,$c[1995], {copy}1995.
=300  \\$a345 pages ;$c24 cm
=336  \\$atext$btxt$2rdacontent
=337  \\$aunmediated$bn$2rdamedia
=338  \\$avolume$bnc$2rdacarrier
=650  \0$aScience fiction, American.
=650  \0$aScience fiction$xAuthorship.$2gsafd
=655  \7$aScience fiction$xHistory and criticism$xTheory, etc.$2gsafd
=913  \\$aASIGOLD98
=914  \\$a45524
=984  \\$a0204$cSCI FIC ASIMOV I

