=LDR  00964cam  2200349   4500
=001  11240
=005  20160612022747.0
=008  720522s1972\\\\nyu\\\\\\\\\\\000\1\eng\\
=020  \\$c{dollar}5.95
=035  \\$a(OCoLC)   72180055
=035  \\$a(WaOLN)613200
=040  \\$cXX-XxUND$dUtOrBLW
=050  00$aPZ3.A8316$bGo
=051  \\$aPS3551.S5$bG6$cCopy 2.
=082  00$a813/.5/4
=100  1\$aAsimov, Isaac,$d1920-1992.
=245  14$aThe gods themselves.
=250  \\$a[1st ed.].
=260  \\$aGarden City, N.Y. :$bDoubleday,$c1972.
=300  \\$a288 pages ;$c22 cm
=336  \\$atext$btxt$2rdacontent
=337  \\$aunmediated$bn$2rdamedia
=338  \\$avolume$bnc$2rdacarrier
=449  00$aNebula Award Novels: 1965-1999 (Science Fiction)
=449  00$aHugo Award Novels 1955-2000 (Science Fiction)
=521  8\$a790L$bLexile
=913  \\$aASIGTHE99
=914  \\$a45526
=984  \\$a0204$cAsi
=984  \\$a0211$cAsi
=984  \\$a0213$cFAsi
=984  \\$a0226$cAsi

