=LDR  00905cam  2200313 a 4500
=001  11272
=005  20160611170105.0
=008  911212t19901990nyu\\\\\\\\\\\000\1\eng\\
=020  \\$z0385263344 :$c{dollar}19.95 ({dollar}24.95 Can.)
=035  \\$a(OCoLC)   90032469
=040  \\$aDLC$cDLC$dDLC$dUtOrBLW
=050  00$aPS3551.S5$bN5 1990
=082  00$a813/.54$220
=100  1\$aAsimov, Isaac,$d1920-1992.
=245  10$aNightfall /$cIsaac Asimov and Robert Silverberg.
=250  \\$a1st ed.
=260  \\$aNew York :$bDoubleday,$c[1990], {copy}1990.
=300  \\$aviii, 339 pages ;$c25 cm
=336  \\$atext$btxt$2rdacontent
=337  \\$aunmediated$bn$2rdamedia
=338  \\$avolume$bnc$2rdacarrier
=500  \\$a"A Foundation book."
=700  1\$aSilverberg, Robert.
=913  \\$aASINIGH99
=914  \\$a45647
=984  \\$a0213$cASIMOV
=984  \\$a0204$cSCIENCE FICTION
=984  \\$a0211$cASIMOV
=984  \\$a0226$cSF Asi

