=LDR  02047cam  2200313 a 4500
=001  11282
=005  20160612022749.0
=008  871123s1988\\\\nyu\\\\\\\\\\\000\1\eng\\
=020  \\$a0385233132 :$c{dollar}18.95
=020  \\$a0385245858 (lim. ed.)
=035  \\$a(OCoLC)   87033086 //r90
=035  \\$a(WaOLN)4715240
=040  \\$aDLC$cDLC$dDLC$dUtOrBLW
=050  00$aPS3551.S5$bP7 1988
=082  00$a813/.54$219
=100  1\$aAsimov, Isaac,$d1920-1992.
=245  10$aPrelude to Foundation /$cIsaac Asimov.
=260  \\$aNew York :$bDoubleday,$c1988.
=300  \\$ax, 403 pages ;$c24 cm
=336  \\$atext$btxt$2rdacontent
=337  \\$aunmediated$bn$2rdamedia
=338  \\$avolume$bnc$2rdacarrier
=500  \\$a"A Foundation book."
=500  \\$aThis, the latest of the 14 Foundation books, is reckoned by Asimov to be the 9th in terms of the chronology of the events covered. Cf. "Author's note (p. ix-x).
=505  0\$aMathematician -- Flight -- University -- Library -- Upperside -- Rescue -- Mycogen -- Sunmaster - Microfarm -- Book -- Sanatorium -- Aerie -- Heatsink -- Billigotton -- Undercover -- Officers -- Wye -- Overthrow -- Dors.
=520  \\$aIt is the year 12,020 G.E. and Emperor Cleon I sits uneasily on the Imperial throne of Trantor. Here in the great multidomed capital of the Galactic Empire, forty billion people have created a civilization of unimaginable technological and cultural complexity. Yet Cleon knows there are those who would see him fall--those whom he would destroy if only he could read the future. Hari Seldon has come to Trantor to deliver his paper on psychohistory, his remarkable theory of prediction. Little does the young Outworld mathematician know that he has already sealed his fate and the fate of humanity. For Hari possesses the prophetic power that makes him the most wanted man in the Empire...the man who holds the key to the future--an apocalyptic power to be known forever after as the Foundation.
=521  8\$a860L$bLexile
=526  \\$aAccelerated Reader$bUG$c6.1$d21$e21$z56906
=914  \\$a45682

