=LDR  01398cam  2200349 a 4500
=001  11310
=005  20160611170107.0
=008  921103s1992\\\\nyu\\\\\\\\\\\000\1\eng\\
=010  \\$a   92234925 
=020  \\$a0385263430
=020  \\$a9780385263436
=035  \\$a(OCoLC)ocm27187588 
=035  \\$a(OCoLC)27187588$z(OCoLC)52433660$z(OCoLC)732724681$z(OCoLC)793137658
=040  \\$aDLC$beng$cDLC$dNXW$dBAKER$dBTCTA$dYDXCP$dVP@$dOTP$dJSG$dYVO$dDEBBG$dTXBXL$dOCLCF$dOCLCQ$dY#4$dUtOrBLW
=050  00$aPS3551.S5$bU45 1992
=082  00$a813/.54$220
=084  \\$aHU 3070$2rvk
=100  1\$aAsimov, Isaac,$d1920-1992.
=245  14$aThe ugly little boy /$cIsaac Asimov and Robert Silverberg.
=250  \\$a1st ed.
=260  \\$aNew York :$bDoubleday,$c1992.
=300  \\$a290 pages ;$c25 cm
=336  \\$atext$btxt$2rdacontent
=337  \\$aunmediated$bn$2rdamedia
=338  \\$avolume$bnc$2rdacarrier
=500  \\$a"Based in part on the short story The ugly little boy"--Title page verso.
=520  \\$aScience fiction story by Isaac Asimov, about a Neanderthal boy whom scientists have transported through time for scientific testing. A conflict arises when a dispassionate nurse suddenly refuses to let the boy be returned to his era.
=650  \0$aScience fiction, American.
=650  \0$aScience fiction.
=655  \7$aScience fiction.$2gsafd
=700  1\$aSilverberg, Robert.
=914  \\$a45755

