=LDR  01285cam  2200301 a 4500
=001  13598
=005  20160611170319.0
=008  850318t19851985nyu\\\\\\\\\\\000\1\eng\\
=020  \\$a0312941447
=035  \\$a(OCoLC)   85006154
=035  \\$a(WaOLN)3425284
=040  \\$cXX-XxUND$dUtOrBLW
=050  00$aPS3552.E157$bE55 1985
=082  00$a813/.54$219
=100  1\$aBear, Greg,$d1951-
=245  10$aEon /$cGreg Bear.
=250  \\$aA Bluejay international ed.
=260  \\$aNew York, N.Y. :$bBluejay Books,$c[1985], {copy}1985.
=300  \\$a504 pages ;$c22 cm
=336  \\$atext$btxt$2rdacontent
=337  \\$aunmediated$bn$2rdamedia
=338  \\$avolume$bnc$2rdacarrier
=520  0\$aIn the year 2000, a huge potato-shaped asteroid, nicknamed the Stone by Americans, appears in orbit around the earth. Exploration shows that it is divided into seven man-made, hollowed-out chambers, indicating that it had been inhabited. Scientists discover that it was built by Earth people, but in the far distant future, and that a nuclear war is imminent. It becomes crucial that theoretical mathematician Patricia Vasquez discover why the former habitants left and where they went. 
=913  \\$aBEAEON*99
=914  \\$a53273
=984  \\$a0204$cSCI FIC
=984  \\$a0213$cBEAR
=984  \\$a0226$cBEAR

