=LDR  00767nam  22002898  4500
=001  16754
=005  20160611170621.0
=008  931226s1994\\\\nyu\\\\\\\\\\\000\1\eng\\
=010  \\$a   93046463 
=020  \\$a0553082345
=035  \\$a(WaOLN)   93046463
=035  \\$a(WaOLN)9070534
=040  \\$aDLC$cDLC$dUtOrBLW
=050  00$aPS3552.O84$bD4 1994
=082  00$a813/.54$220
=100  1\$aBova, Ben,$d1932-
=245  10$aDeath dream /$cBen Bova.
=260  \\$aNew York :$bBantam Books,$c1994.
=263  \\$a9408
=300  \\$apages ;$ccm.
=336  \\$atext$btxt$2rdacontent
=337  \\$aunmediated$bn$2rdamedia
=338  \\$avolume$bnc$2rdacarrier
=650  \0$aVirtual reality$vFiction.
=655  \7$aScience fiction.$2gsafd
=913  \\$aBOVDDRE99
=914  \\$a64543

