=LDR  00705cam  22002658a 4500
=001  16760
=005  20160611170622.0
=008  910806s1992\\\\nyu\\\\\\\\\\\000\1\eng\\
=020  \\$a0553078925
=020  \\$a0553083309 (special limited ed.)
=035  \\$a(WaOLN)   91029466
=035  \\$a(WaOLN)7452577
=040  \\$aDLC$cDLC$dUtOrBLW
=050  00$aPS3552.O82$bM37 1992
=082  00$a813/.54$220
=100  1\$aBova, Ben,$d1932-
=245  10$aMars /$cBen Bova.
=260  \\$aNew York, N.Y. :$bBantam Books,$c1992.
=263  \\$a9203
=300  \\$apages ;$ccm.
=336  \\$atext$btxt$2rdacontent
=337  \\$aunmediated$bn$2rdamedia
=338  \\$avolume$bnc$2rdacarrier
=913  \\$aBOVMARS99
=914  \\$a64567

