=LDR  00959cam  2200337 a 4500
=001  17114
=005  20160611170642.0
=008  900102s1990\\\\nyub\\\\\\\\\\000\1\eng\\
=020  \\$a0385261853 :$c{dollar}19.95
=035  \\$a(OCoLC)   89071544
=040  \\$aDLC$cDLC$dDLC$dUtOrBLW
=050  00$aPS3552.R228$bB56 1990
=082  00$a813/.54$220
=100  1\$aBradley, Marion Zimmer.
=245  10$aBlack Trillium /$cMarion Zimmer Bradley, Julian May, and Andre Norton.
=250  \\$a1st ed.
=260  \\$aNew York :$bDoubleday,$c1990.
=300  \\$a409 pages :$bmaps ;$c25 cm
=336  \\$atext$btxt$2rdacontent
=337  \\$aunmediated$bn$2rdamedia
=338  \\$avolume$bnc$2rdacarrier
=500  \\$a"A Foundation book."
=500  \\$aMaps on lining papers.
=700  1\$aMay, Julian.
=700  1\$aNorton, Andre.
=913  \\$aBRABTRI99
=914  \\$a65937
=984  \\$a0204$cFICTION
=984  \\$a0213$cBra
=984  \\$a0211$cBRADLEY
=984  \\$a0226$cSF Bra

