=LDR  01297cam  2200325 a 4500
=001  17373
=005  20160121101510.0
=008  940927s1995\\\\nyub\\\\\\\\\\000\1\eng\\
=010  \\$a   94037056 
=020  \\$a0553092995
=020  \\$a9780553092998
=035  \\$a(OCoLC)ocm31288753 
=040  \\$aDLC$beng$cDLC$dFIT$dBTCTA$dYDXCP$dO2H$dSHM$dOCLCF$dOCLCO$dOCLCQ$dOCLCO$dOCL$dZPJ
=049  \\$aZPJA
=050  00$aPS3552.R228$bL3 1995
=082  00$a813/.54$220
=100  1\$aBradley, Marion Zimmer.
=245  10$aLady of the Trillium /$cMarion Zimmer Bradley.
=260  \\$aNew York :$bBantam Books,$c1995.
=300  \\$a291 pages :$bmap ;$c24 cm
=336  \\$atext$btxt$2rdacontent
=337  \\$aunmediated$bn$2rdamedia
=338  \\$avolume$bnc$2rdacarrier
=500  \\$aMap on lining papers.
=520  \\$aIn the fantasy kingdom of Ruwenda, the ruler appoints as her successor, Princess Mikayla. But Mikayla is not interested, she is in love with a young man. The ruler tries to break up the relationship with magic, but the couple keeps in touch by telepathy. A tale of youth, age, love and duty. By the author of The Mists of Avalon.
=650  \0$aLabornok (Imaginary place)$vFiction.
=650  \0$aMagic$vFiction.
=655  \7$aFantasy fiction.$2gsafd
=914  \\$a66769
=994  \\$aC0$bZPJ

