=LDR  01253cam  2200325   4500
=001  17882
=005  20160611170726.0
=008  950725s1995\\\\nyuab\\\\\\\\\000\1\eng\\
=010  \\$a   95017601 
=020  \\$a0553100343
=035  \\$a(OCoLC)   95017601 //r95
=035  \\$a(WaOLN)9733737
=040  \\$aDLC$cDLC$dDLC$dOCoLC$dDLC$dUtOrBLW
=050  00$aPS3552.R4825$bB75 1995
=082  00$a813/.54$220
=100  1\$aBrin, David.
=245  10$aBrightness reef :$bbook one of a new uplift trilogy /$cDavid Brin.
=260  \\$aNew York :$bBantam Books,$c1995.
=300  \\$a514 pages :$billustrations, map ;$c25 cm.
=336  \\$atext$btxt$2rdacontent
=337  \\$aunmediated$bn$2rdamedia
=338  \\$avolume$bnc$2rdacarrier
=490  1\$aA Bantam spectra book
=520  0\$aIn the centuries after the planet Jijo is abandoned for the sake of restoring ecological balance, six different species secretly colonize the planet and live in ongoing fear of being discovered and punished by the Five Galaxy patrollers.  
=650  \0$aLife on other planets$vFiction.
=655  \7$aScience fiction.$2gsafd
=800  1\$aBrin, David.$tUplift saga ;$v4.
=800  1\$aBrin, David.$tUplift storm trilogy;$v1.
=830  \0$aBantam spectra book.
=914  \\$a68450

