=LDR  00790cam  2200277 a 4500
=001  17934
=005  20160612023106.0
=008  900103s1990\\\\nyu\\\\\\\\\\\000\1\eng\\
=020  \\$a0553057782 :$c{dollar}19.95 ({dollar}24.95 Can.)
=035  \\$a(OCoLC)   90000004
=035  \\$a(WaOLN)6231359
=040  \\$aDLC$cDLC$dOrP$dUtOrBLW
=050  00$aPS3552.R4825$bE27 1990
=082  00$a813/.54$220
=100  1\$aBrin, David.
=245  10$aEarth /$cDavid Brin.
=260  \\$aNew York, NY :$bBantam Books,$c1990.
=300  \\$a601 pages ;$c24 cm
=336  \\$atext$btxt$2rdacontent
=337  \\$aunmediated$bn$2rdamedia
=338  \\$avolume$bnc$2rdacarrier
=500  \\$a"A Bantam Spectra Book."--T.p. verso.
=521  8\$a1020L$bLexile
=913  \\$aBRIEART99
=914  \\$a68622
=984  \\$a0204$cSCIENCE FICTION

