=LDR  02511cam  2200421 a 4500
=001  18283
=005  20160612023117.0
=008  900625s1991\\\\nyub\\\\\\\\\\000\1\eng\\
=010  \\$a   90042424 
=020  \\$a0345362985 :$c{dollar}19.95
=020  \\$a9780345362988
=035  \\$a(OCoLC)ocm22119181 
=035  \\$a(OCoLC)22119181
=040  \\$aDLC$cDLC$dBAKER$dBTCTA$dYDXCP$dXY4$dUtOrBLW
=049  \\$aOEKA
=050  00$aPS3552.R6596$bD7 1991
=082  00$a813/.54$220
=100  1\$aBrooks, Terry.
=245  14$aThe druid of Shannara /$cTerry Brooks.
=250  \\$a1st ed.
=260  \\$aNew York :$bBallantine Books,$c1991.
=300  \\$a423 pages :$bmap ;$c25 cm.
=336  \\$atext$btxt$2rdacontent
=337  \\$aunmediated$bn$2rdamedia
=338  \\$avolume$bnc$2rdacarrier
=490  1\$aBook two of The heritage of Shannara
=500  \\$a"A Del Rey book."
=520  \\$aIn the three hundred years since the death of the Druid Allanon, the mysterious, evil Shadowen have seized control and are ruining the Four Lands. Using Cogline as messenger, the shade of Allanon summons the four scions of Shannara: Par, Coll, Wren, and Walker Boh. To Walker Boh he gives the duty of restoring the lost Druid's Keep, Paranor. For that, Walker needs the black Elfstone, but his search leads him only to a trap. Meanwhile, the King of the Silver River, a fabulous being as old as mankind, creates a daughter named Quickening and sends her to help. She is joined by Morgan Leah and Pe Ell, an assassin who plans eventually to kill her. They find Walker Boh dying after an attack by the Shadowen, Rimmer Dall. Quickening heals him and tells him that the Elfstone is in the hands of another ancient being, the Stone King, who seeks to turn all the world to stone. The journey will lead them to the far north, through the Charnal Mountains and beyond, into a perilous and unknown land. And no one knows what horrible monsters the Stone King has set to guard his citadel.
=521  8\$a910L$bLexile
=650  \0$aShannara (Imaginary place)$vFiction.
=650  \0$aDruids and druidism$vFiction.
=650  \0$aElves$vFiction.
=800  1\$aBrooks, Terry.$tHeritage of Shannara;$vbk. 2.
=856  42$3Contributor biographical information$uhttp://www.loc.gov/catdir/bios/random056/90042424.html
=856  41$3Sample text$uhttp://www.loc.gov/catdir/samples/random044/90042424.html
=856  42$3Publisher description$uhttp://www.loc.gov/catdir/description/random0412/90042424.html
=914  \\$a69776
=994  \\$aC0$bOEK

