=LDR  00902cam  2200313   4500
=001  18309
=005  20160612023117.0
=008  911126s1992\\\\nyub\\\\\\\\\\000\1\eng\\
=020  \\$a0345362993
=035  \\$a(OCoLC)   91073257
=035  \\$a(WaOLN)7574091
=040  \\$aDLC$cDLC$dOrP$dUtOrBLW
=050  00$aPS3552.R6596$bE48 1992
=082  00$a813/.54$220
=100  1\$aBrooks, Terry.
=245  14$aThe Elf queen of Shannara /$cTerry Brooks.
=250  \\$a1st ed.
=260  \\$aNew York :$bBallantine Books,$c1992.
=300  \\$a403 pages :$bmaps ;$c24 cm.
=336  \\$atext$btxt$2rdacontent
=337  \\$aunmediated$bn$2rdamedia
=338  \\$avolume$bnc$2rdacarrier
=490  1\$aHeritage of Shannara ;$vBk. 3
=500  \\$a"A Del Rey book."
=521  8\$a870L$bLexile
=800  1\$aBrooks, Terry.$tHeritage of Shannara;$vBk. 3.
=913  \\$aBROEQOS99
=914  \\$a69860
=984  \\$a0204$cFICTION

