=LDR  01170cam  2200325 a 4500
=001  18412
=005  20160611170756.0
=008  910903s1992\\\\nyuaf\\\\\\\\\000\1\eng\\
=020  \\$a0449907074
=035  \\$a(OCoLC)   91058179
=035  \\$a(WaOLN)7632449
=040  \\$aDLC$cDLC$dWaSpCo$dUtOrBLW
=050  00$aPS3552.R6596$bH6 1992
=082  00$a813/.54$220
=100  1\$aBrooks, Terry.
=245  10$aHook :$ba novel /$cby Terry Brooks ; based on a screenplay by Jim V. Hart and Malia Scotch Marmo and screen story by Jim V. Hart & Nick Castle.
=250  \\$a1st ed.
=260  \\$aNew York :$bFawcett Columbine,$c1992.
=300  \\$aviii, 275 pages, 4 unnumbered leaves of plates :$billustrations ;$c21 cm
=336  \\$atext$btxt$2rdacontent
=337  \\$aunmediated$bn$2rdamedia
=338  \\$avolume$bnc$2rdacarrier
=600  10$aBarrie, J. M.$q(James Matthew),$d1860-1941$vTelevision adaptations.
=600  10$aBarrie, J. M.$q(James Matthew),$d1860-1941$vFilm adaptations.
=600  \0$aPeter Pan$c(Fictitious character)$vFiction.
=700  1\$aHart, James V.
=700  1\$aMarmo, Malia Scotch.
=700  1\$aCastle, Nick.
=913  \\$aBROHOOK99
=914  \\$a70178

