=LDR  01872cam  2200421 a 4500
=001  18703
=005  20160612023130.0
=008  890718s1990\\\\nyua\\\\\\\\\\000\1\eng\\
=010  \\$a   89037935 
=020  \\$a0345356950
=020  \\$a9780345356956
=020  \\$a034537116X
=020  \\$a9780345371164
=035  \\$a(OCoLC)ocm20169970 
=035  \\$a(OCoLC)20169970$z(OCoLC)52507501$z(OCoLC)54426128
=040  \\$aDLC$cDLC$dNXW$dB9K$dBAKER$dBTCTA$dYDXCP$dSXC$dY#4$dUtOrBLW
=050  00$aPS3552.R6596$bS28 1990
=082  00$a813/.54$220
=100  1\$aBrooks, Terry.
=245  14$aThe scions of Shannara /$cTerry Brooks.
=250  \\$a1st ed.
=260  \\$aNew York :$bBallantine Books,$c1990.
=300  \\$a465 pages :$billustrations ;$c24 cm.
=336  \\$atext$btxt$2rdacontent
=337  \\$aunmediated$bn$2rdamedia
=338  \\$avolume$bnc$2rdacarrier
=490  1\$aBook 1 of The heritage of Shannara
=500  \\$a"A Del Rey book."
=520  \\$aTo prevent the destruction of all life in the Four Lands, Allanon's spirit orders Par Ohmsford, descendant of the fabled Shea, to recover the long-lost Sword of Shannara, Wren to discover the vanished Elves, and Walker Boh to bring back the Druids and their ancient, vanished stronghold of Paranor.
=521  8\$a890L$bLexile
=650  \0$aFantasy fiction, American.
=655  \7$aFantasy fiction.$2gsafd
=776  08$iOnline version:$aBrooks, Terry.$tScions of Shannara.$b1st ed.$dNew York : Ballantine Books, 1990$w(OCoLC)607763263
=800  1\$aBrooks, Terry.$tHeritage of Shannara;$vbk. 1.
=856  42$3Contributor biographical information$uhttp://www.loc.gov/catdir/bios/random056/89037935.html
=856  41$3Sample text$uhttp://www.loc.gov/catdir/samples/random044/89037935.html
=856  42$3Publisher description$uhttp://www.loc.gov/catdir/description/random0412/89037935.html
=914  \\$a71146

