=LDR  00997cam  22003378a 4500
=001  20773
=005  20160612023234.0
=008  950522s1995\\\\nyu\\\\\\\\\\\000\1\eng\\
=010  \\$a   95022693 
=020  \\$a0312850530
=035  \\$a(OCoLC)ocm32665317
=040  \\$aDLC$cDLC$dJBO$dOEK$dUtOrBLW
=049  \\$aOEKA
=050  00$aPS3553.A655$bA78 1995
=082  00$a813/.54$220
=100  1\$aCard, Orson Scott.
=245  10$aAlvin journeyman /$cOrson Scott Card.
=260  \\$aNew York :$bTor Books,$c1995.
=263  \\$a9509
=300  \\$a381 pages :$bmap ;$c24 cm.
=336  \\$atext$btxt$2rdacontent
=337  \\$aunmediated$bn$2rdamedia
=338  \\$avolume$bnc$2rdacarrier
=490  1\$aThe tales of Alvin Maker ;$v4
=500  \\$a"A Tom Doherty Associates book."
=521  8\$a980L$bLexile
=526  \\$aAccelerated Reader$bUG$c6.3$d22$e22$z32826
=655  \7$aFantasy fiction.$2gsafd
=800  1\$aCard, Orson Scott.$tTales of Alvin Maker;$v4.
=913  \\$aCARAJOU99
=914  \\$a78427

