=LDR  00915nam  22003138  4500
=001  20844
=005  20160611171016.0
=008  921130s1993\\\\nyu\\\\\\\\\\\000\1\eng\\
=020  \\$a0312930372 (hardcover) :$c{dollar}21.95
=020  \\$a0312854773 (limited ed.) :$c{dollar}200.00
=035  \\$a(OCoLC)   92036971
=035  \\$a(WaOLN)8297473
=040  \\$aDLC$cDLC$dUtOrBLW
=050  00$aPS3553.A655$bC34 1993
=082  00$a813/.54$220
=100  1\$aCard, Orson Scott.
=245  14$aThe call of earth /$cOrson Scott Card.
=260  \\$aNew York :$bTOR,$c1993.
=263  \\$a9301
=300  \\$apages ;$ccm.
=336  \\$atext$btxt$2rdacontent
=337  \\$aunmediated$bn$2rdamedia
=338  \\$avolume$bnc$2rdacarrier
=490  1\$aHomecoming ;$vv. 2
=500  \\$a"A Tom Doherty Associates book."
=800  1\$aCard, Orson Scott.$tHomecoming;$vv. 2.
=913  \\$aCARCOEA98
=914  \\$a78733
=984  \\$a0204$cSCIENCE FICTION

