=LDR  01002cam  2200325Ia 4500
=001  20895
=005  20160612023237.0
=008  950418s1995\\\\nyub\\\\\\\\\\000\1\eng\d
=020  \\$a0312930402
=035  \\$a(OCoLC)ocm32329155
=040  \\$aORL$cORL$dSLC$dSVP$dUtOrBLW
=049  \\$aOEKA
=090  \\$aPS3553.A655$bE27 1995x
=100  1\$aCard, Orson Scott.
=245  10$aEarthborn /$cOrson Scott Card.
=250  \\$a1st trade ed.
=260  \\$aNew York :$bTOR,$c1995.
=300  \\$a378 pages :$bmaps ;$c24 cm.
=336  \\$atext$btxt$2rdacontent
=337  \\$aunmediated$bn$2rdamedia
=338  \\$avolume$bnc$2rdacarrier
=490  1\$aHomecoming ;$vv. 5
=500  \\$aThe concluding volume of the Homecoming Saga.
=526  \\$aAccelerated Reader$bUG$c6.4$d22$e22$z32822
=650  \0$aLife on other planets$vFiction.
=650  \0$aArtificial intelligence$vFiction.
=655  \7$aScience fiction.$2gsafd
=800  1\$aCard, Orson Scott.$tHomecoming;$vv. 5.
=913  \\$aCAREART98
=914  \\$a78929

