=LDR  01257nam  2200313   4500
=001  20896
=005  20160612023237.0
=008  941202t19951995nyu\\\\\\\\\\\000\1\eng\\
=020  \\$a0312930399 :$c{dollar}22.95
=035  \\$a(OCoLC)   94041993
=035  \\$a(WaOLN)9518512
=040  \\$aDLC$cDLC$dWa$dUtOrBLW
=050  00$aPS3553.A655$bE48 1995
=082  00$a813/.54$220
=100  1\$aCard, Orson Scott.
=245  10$aEarthfall /$cOrson Scott Card.
=260  \\$aNew York :$bTOR,$c[1995], {copy}1995.
=300  \\$a350 pages ;$c24 cm.
=336  \\$atext$btxt$2rdacontent
=337  \\$aunmediated$bn$2rdamedia
=338  \\$avolume$bnc$2rdacarrier
=490  1\$aHomecoming ;$vv. 4
=500  \\$a"A Tom Doherty Associates book."
=520  \\$aAt last, the Wetchik tribe is ready to take a ship to the stars. But from the beginning there has been bitter dispute between Nafai and Elemak, Wetchik's youngest son and his oldest. And only Nefai, who wears the Cloak of the Starmaster by the Oversoul's command, understands what this means to the future of all.
=526  \\$aAccelerated Reader$bUG$c6.2$d19$e19$z32828
=650  \0$aArtificial intelligence$vFiction.
=655  \7$aScience fiction.$2gsafd
=800  1\$aCard, Orson Scott.$tHomecoming;$vv. 4.
=914  \\$a78930

