=LDR  00915cam  2200313   4500
=001  21146
=005  20160611171033.0
=008  920213s1992\\\\nyub\\\\\\\\\\000\1\eng\\
=020  \\$a0312930364 :$c{dollar}21.95
=020  \\$z0312852797 :$c{dollar}20.95
=035  \\$a(OCoLC)   91036596
=035  \\$a(WaOLN)7564915
=040  \\$aDLC$cDLC$dWaSpCo$dUtOrBLW
=050  00$aPS3553.A655$bM45 1992
=082  00$a813/.54$220
=100  1\$aCard, Orson Scott.
=245  14$aThe memory of earth /$cOrson Scott Card.
=250  \\$a1st trade ed.
=260  \\$aNew York :$bTOR,$c1992.
=300  \\$axx, 294 pages :$bmaps ;$c25 cm.
=336  \\$atext$btxt$2rdacontent
=337  \\$aunmediated$bn$2rdamedia
=338  \\$avolume$bnc$2rdacarrier
=490  1\$aHomecoming ;$vv. 1
=500  \\$a"A Tom Doherty Associates book."
=800  1\$aCard, Orson Scott.$tHomecoming;$vv. 1.
=913  \\$aCARMOEA99
=914  \\$a79764
=984  \\$a0211$cCARD

