=LDR  01168cam  2200385 a 4500
=001  21205
=005  20160612023247.0
=008  881005s1989\\\\nyu\\\\\\\\\\\000\1\eng\\
=020  \\$a0312931417 (St. Martin's Press) :$c{dollar}17.95
=035  \\$a(WaOLN)   88039927
=035  \\$a(WaOLN)5061487
=040  \\$cXX-XxUND$dUtOrBLW
=050  00$aPS3553.A655$bP74 1989
=082  00$a813/.54$219
=100  1\$aCard, Orson Scott.
=245  10$aPrentice Alvin /$cOrson Scott Card.
=250  \\$a1st ed.
=260  \\$aNew York, NY :$bT. Doherty Associates Book,$c1989.
=300  \\$ax, 342 pages ;$c25.
=336  \\$atext$btxt$2rdacontent
=337  \\$aunmediated$bn$2rdamedia
=338  \\$avolume$bnc$2rdacarrier
=490  1\$aThe tales of Alvin Maker ;$v3
=500  \\$aDistributed by St. Martin's Press.
=500  \\$a"A Tor book"--T.p. verso.
=521  8\$a990L$bLexile
=526  \\$aAccelerated Reader$bUG$c5.8$d20$e20$z32801
=655  \7$aFantasy fiction.$2gsafd
=800  1\$aCard, Orson Scott.$tTales of Alvin Maker;$vbk 3.
=913  \\$aCARPALV99
=914  \\$a79966
=984  \\$a0204$cSF
=984  \\$a0211$cCARD
=984  \\$a0213$cCar
=984  \\$a0226$cSF Car

