=LDR  00939nam  22003258  4500
=001  21273
=005  20160611171041.0
=008  941223s1995\\\\nyu\\\\\\\\\\\000\1\eng\\
=010  \\$a   94047206 
=020  \\$a0312856415 :$c{dollar}22.95
=035  \\$a(OCoLC)   94047206
=035  \\$a(WaOLN)9543435
=040  \\$aDLC$cDLC$dUtOrBLW
=050  00$aPS3553.A7892$bS77 1995
=082  00$a813/.54$220
=100  1\$aCarver, Jeffrey A.
=245  10$aStrange attractors /$cJeffrey A. Carver.
=260  \\$aNew York :$bTOR,$c1995.
=263  \\$a9503
=300  \\$apages ;$ccm.
=336  \\$atext$btxt$2rdacontent
=337  \\$aunmediated$bn$2rdamedia
=338  \\$avolume$bnc$2rdacarrier
=490  1\$aThe Chaos chronicles ;$vbk. 2
=500  \\$a"Tom Doherty Associates book."
=655  \7$aScience fiction.$2gsafd
=800  1\$aCarver, Jeffrey A.$tChaos chronicles;$vv. 2.
=913  \\$aCARSATT99
=914  \\$a80205
=984  \\$a0204$cSCI FIC CARVER J

