=LDR  00931cam  22003258a 4500
=001  21296
=005  20160611171042.0
=008  931102s1994\\\\nyu\\\\\\\\\\\000\1\eng\\
=010  \\$a   93042549 
=020  \\$a0312856598 :$c{dollar}22.95
=035  \\$a(OCoLC)   93042549
=035  \\$a(WaOLN)9053402
=040  \\$aDLC$cDLC$dUtOrBLW
=050  00$aPS3553.A655$bS47 1994
=082  00$a813/.54$220
=100  1\$aCard, Orson Scott.
=245  14$aThe ships of Earth /$cOrson Scott Card.
=260  \\$aNew York :$bTOR,$c1994.
=263  \\$a9402
=300  \\$apages ;$ccm.
=336  \\$atext$btxt$2rdacontent
=337  \\$aunmediated$bn$2rdamedia
=338  \\$avolume$bnc$2rdacarrier
=490  1\$aHomecoming ;$vv. 3
=500  \\$a"A Tom Doherty associates book."
=650  \0$aLife on other planets$vFiction.
=655  \7$aScience fiction.$2gsafd
=800  1\$aCard, Orson Scott.$tHomecoming;$vv. 3.
=913  \\$aCARSOEA99
=914  \\$a80296

