=LDR  01181cam  2200385 a 4500
=001  21314
=005  20160612023250.0
=008  881206t19871987nyub\\\\\\\\\\000\1\eng\\
=010  \\$a   86051490 
=019  \\$a15162576$a48713635
=020  \\$a0312930194
=020  \\$a0613130340
=035  \\$a(OCoLC)ocm16268967
=040  \\$aDLC$cDLC$dJIU$dOCLCQ$dUtOrBLW
=049  \\$aZPJA
=050  00$aPS3553.A655$bS4 1987
=082  00$a813/.54$219
=100  1\$aCard, Orson Scott.
=245  10$aSeventh son /$cOrson Scott Card.
=260  \\$aNew York, N.Y. :$bT. Doherty Associates,$c[1987], {copy}1987.
=300  \\$a241 pages :$bmaps ;$c25 cm.
=336  \\$atext$btxt$2rdacontent
=337  \\$aunmediated$bn$2rdamedia
=338  \\$avolume$bnc$2rdacarrier
=490  1\$aThe tales of Alvin Maker ;$v1]
=500  \\$aMaps on lining papers.
=500  \\$a"A TOR book"--T.p. verso.
=500  \\$aSeries inferred from bk. 2, t.p.
=521  8\$a910L$bLexile
=526  \\$aAccelerated Reader$bUG$c5.9$d13$e13$z32825
=600  \0$aMaker, Alvin$vFiction.
=655  \7$aFantasy fiction.$2gsafd
=800  1\$aCard, Orson Scott.$tTales of Alvin Maker;$v1.
=914  \\$a80357
=994  \\$aC0$bZPJ

