=LDR  00839cam  2200313 a 4500
=001  22327
=005  20160611171140.0
=008  890328s1989\\\\nyu\\\\\\\\\\\000\1\eng\\
=020  \\$a0345359534 :$c{dollar}18.95
=035  \\$a(OCoLC)   89006700
=035  \\$a(WaOLN)5483586
=040  \\$aDLC$cDLC$dDLC$dUtOrBLW
=050  00$aPS3553.H358$bR8 1989
=082  00$a813/.54$220
=100  1\$aCherryh, C. J.
=245  10$aRusalka /$cC.J. Cherryh.
=250  \\$a1st ed.
=260  \\$aNew York :$bBallantine Books,$c1989.
=300  \\$a374 pages ;$c24 cm
=336  \\$atext$btxt$2rdacontent
=337  \\$aunmediated$bn$2rdamedia
=338  \\$avolume$bnc$2rdacarrier
=500  \\$a"A Del Rey book."
=913  \\$aCHERUSA99
=914  \\$a84073
=984  \\$a0204$cSCIENCE FICTION
=984  \\$a0213$cChe
=984  \\$a0211$cCHERRYH
=984  \\$a0226$cSF Che

