=LDR  01109cam  2200301 a 4500
=001  23130
=005  20160611171226.0
=008  930204t19931993nyu\\\\\\\\\\\000\1\eng\\
=010  \\$a   93022096 
=020  \\$a0553095579
=020  \\$a9780553095579
=035  \\$a(OCoLC)ocm27641704 
=035  \\$a(OCoLC)27641704
=040  \\$aDLC$cDLC$dBAKER$dBTCTA$dYDXCP$dOCLCG$dOCLCQ$dWPB$dTXAPL$dYVO$dUtOrBLW
=049  \\$aOEKA
=082  00$a823/.914$220
=100  1\$aClarke, Arthur C.$q(Arthur Charles),$d1917-2008.
=245  14$aThe hammer of God /$cArthur C. Clarke.
=260  \\$aNew York :$bBantam Books,$c[1993], {copy}1993.
=300  \\$a226 pages ;$c23 cm
=336  \\$atext$btxt$2rdacontent
=337  \\$aunmediated$bn$2rdamedia
=338  \\$avolume$bnc$2rdacarrier
=505  1\$aOut of Africa -- Rendezvous with Kali -- Stones from the sky -- The prophet -- Excalibur -- Europa station -- Astropol -- Anomaly -- Command decision -- Murphy's law.
=520  \\$aThe asteroid, Kali, is on a destruction course with planet Earth.
=650  \0$aAsteroids$vFiction.
=650  \0$aScience fiction.$2gsafd
=914  \\$a86511

