=LDR  00969cam  22003378  4500
=001  23240
=005  20160611171232.0
=008  960103s1996\\\\nyu\\\\\\\\\\\000\1\eng\\
=010  \\$a   95040649 
=020  \\$a0553097083
=035  \\$a(OCoLC)   95040649 //r95
=035  \\$a(WaOLN)9903768
=040  \\$aDLC$cDLC$dDLC$dUtOrBLW
=043  \\$an-us-ca
=050  00$aPR6005.L36$bR53 1996
=082  00$a823/.914$220
=100  1\$aClarke, Arthur C.$q(Arthur Charles),$d1917-2008.
=245  10$aRichter 10 /$cArthur C. Clarke and Mike McQuay.
=246  3\$aRichter Ten
=260  \\$aNew York :$bBantam Books,$c1996.
=263  \\$a9602
=300  \\$a373 pages ;$c24 cm
=336  \\$atext$btxt$2rdacontent
=337  \\$aunmediated$bn$2rdamedia
=338  \\$avolume$bnc$2rdacarrier
=650  \0$aEarthquakes$zCalifornia$vFiction.
=655  \7$aScience fiction.$2gsafd
=700  1\$aMcQuay, Mike.
=913  \\$aCLAR10*99
=914  \\$a86918
=984  \\$a0204$cSCI FIC CLARKE A

