=LDR  00945cam  2200313 a 4500
=001  23248
=005  20160612023350.0
=008  890619t19891989nyu\\\\\\\\\\\000\1\eng\\
=020  \\$a0553057146 :$c{dollar}18.95 ({dollar}23.95 Can.)
=035  \\$a(OCoLC)   89015152
=035  \\$a(WaOLN)5670101
=040  \\$aDLC$cDLC$dDLC$dUtOrBLW
=050  00$aPR6005.L36$bR36 1989
=082  00$a823/.914$220
=100  1\$aClarke, Arthur C.$q(Arthur Charles),$d1917-2008.
=245  10$aRama II /$cArthur C. Clarke and Gentry Lee.
=260  \\$aNew York :$bBantam Books,$c[1989], {copy}1989.
=300  \\$aix, 420 pages ;$c24 cm
=336  \\$atext$btxt$2rdacontent
=337  \\$aunmediated$bn$2rdamedia
=338  \\$avolume$bnc$2rdacarrier
=521  8\$a970L$bLexile
=526  \\$aAccelerated Reader$bUG$c7.5$d27$e27$z34784
=700  1\$aLee, Gentry.
=913  \\$aCLARII*99
=914  \\$a86942
=984  \\$a0204$cSCIENCE FICTION
=984  \\$a0213$cCla
=984  \\$a0211$cCLARKE

