=LDR  00839cam  22003018a 4500
=001  27726
=005  20160611171655.0
=008  940607s1994\\\\nyu\\\\\\\\\\\000\1\eng\\
=010  \\$a   94021752 
=020  \\$a0312855729 :$c{dollar}22.95
=035  \\$a(OCoLC)   94021752
=035  \\$a(WaOLN)9311964
=040  \\$aDLC$cDLC$dUtOrBLW
=050  00$aPR9199.3.D357$bM46 1994
=082  00$a813/.54$220
=100  1\$aDe Lint, Charles,$d1951-
=245  10$aMemory and dream /$cCharles de Lint.
=260  \\$aNew York :$bTOR,$c1994.
=263  \\$a9410
=300  \\$apages ;$ccm.
=336  \\$atext$btxt$2rdacontent
=337  \\$aunmediated$bn$2rdamedia
=338  \\$avolume$bnc$2rdacarrier
=500  \\$a"A Tom Doherty Associates book."
=650  \0$aWomen artists$vFiction.
=655  \7$aFantasy fiction.$2gsafd
=913  \\$aDE*MADR99
=914  \\$a102451

