=LDR  00948cam  2200313Ia 4500
=001  30842
=005  20160612023744.0
=008  930722s1993\\\\nyub\\\\\\\\\\000\1\eng\d
=010  \\$z92054386
=020  \\$a0345383273 (pbk.) :$c{dollar}5.99 (6.99 Can.)
=035  \\$a(OCoLC)ocm28486517 
=040  \\$aVCQ$cVCQ$dJQF$dOCLCQ$dUtOrBLW
=049  \\$aZPPA
=050  \0$aPS3555.D38$bD6 1993
=100  1\$aEddings, David.
=245  10$aDomes of fire /$cDavid Eddings.
=250  \\$a1st U.S. Mass Market ed.
=260  \\$aNew York :$bBallantine Books,$c1993.
=300  \\$a471 pages :$bmaps ;$c18 cm.
=336  \\$atext$btxt$2rdacontent
=337  \\$aunmediated$bn$2rdamedia
=338  \\$avolume$bnc$2rdacarrier
=490  1\$aBook one of the Tamuli
=500  \\$a"A Del Rey book."
=526  \\$aAccelerated Reader$bUG$c6.1$d26$e26$z60037
=655  \7$aFantasy fiction.$2gsafd
=800  1\$aEddings, David.$tTamuli;$vbk. 1.
=914  \\$a113226
=994  \\$aC0$bZPP

