=LDR  00862cam  22003138  4500
=001  30848
=005  20160611171952.0
=008  940615s1994\\\\nyu\\\\\\\\\\\000\1\eng\\
=010  \\$a   94004787 
=020  \\$a0345373235
=035  \\$a(OCoLC)   94004787
=035  \\$a(WaOLN)9175742
=040  \\$aDLC$cDLC$dUtOrBLW
=050  00$aPS3555.D38$bH5 1994
=082  00$a813/.54$220
=100  1\$aEddings, David.
=245  14$aThe hidden city /$cDavid Eddings.
=260  \\$aNew York :$bBallantine Books,$c1994.
=263  \\$a9409
=300  \\$apages ;$ccm.
=336  \\$atext$btxt$2rdacontent
=337  \\$aunmediated$bn$2rdamedia
=338  \\$avolume$bnc$2rdacarrier
=490  1\$aThe Tamuli ;$vbk. 3
=655  \7$aFantasy fiction.$2lcgft
=800  1\$aEddings, David.$tTamuli;$vbk. 3.
=913  \\$aEDDHCIT99
=914  \\$a113235
=984  \\$a0204$cFICTION EDDINGS D

