=LDR  00933cam  2200301 a 4500
=001  30850
=005  20160612023744.0
=008  \\\\\\s1989\\\\nyu\\\\\\\\\\\000\1\eng\d
=020  \\$a0345358805 :$c{dollar}4.95
=035  \\$a(OCoLC)wln89334880
=035  \\$a(WaOLN)5889250
=040  \\$aWaMaS$cWaMaS$dUtOrBLW
=100  1\$aEddings, David.
=245  10$aKing of the Murgos /$cDavid Eddings.
=250  \\$a1st mass market ed.
=260  \\$aNew York :$bBallantine Books,$c1989.
=300  \\$a403 pages ;$c18 cm.
=336  \\$atext$btxt$2rdacontent
=337  \\$aunmediated$bn$2rdamedia
=338  \\$avolume$bnc$2rdacarrier
=490  1\$aThe Malloreon ;$vbk. 2
=500  \\$a"A Del Rey book."
=526  \\$aAccelerated Reader$bUG$c5.7$d21$e21$z158998
=650  \0$aMallorea (Imaginary place)$vFiction.
=650  \0$aImaginary wars and battles$vFiction.
=800  1\$aEddings, David.$tMalloreon;$vbk. 2.
=913  \\$aEDDKOTM98
=914  \\$a113241

