=LDR  01049cam  2200361 a 4500
=001  30857
=005  20160611171953.0
=008  900409t19901990nyub\\\\\\\\\\000\1\eng\\
=020  \\$a0345370430 :$c{dollar}19.95 ({dollar}27.95 Can.)
=035  \\$a(OCoLC)   90000558
=040  \\$aDLC$cDLC$dDLC$dUtOrBLW
=050  00$aPS3555.D38$bR94 1990
=082  00$a813/.54$220
=100  1\$aEddings, David.
=245  14$aThe ruby knight /$cDavid Eddings.
=250  \\$a1st ed.
=260  \\$aNew York :$bBallantine Books,$c[1990], {copy}1990.
=300  \\$a406 pages :$bmaps ;$c24 cm.
=336  \\$atext$btxt$2rdacontent
=337  \\$aunmediated$bn$2rdamedia
=338  \\$avolume$bnc$2rdacarrier
=490  1\$aThe Elenium ;$vbk. 2
=500  \\$a"A Del Rey book."
=650  \0$aQueens$vFiction.
=650  \0$aMagic$vFiction.
=650  \0$aKnights and knighthood$vFiction.
=650  \0$aGhost stories.
=800  1\$aEddings, David.$tElenium;$vbk. 2.
=913  \\$aEDDRKNI99
=914  \\$a113258
=984  \\$a0204$cFICTION
=984  \\$a0213$cEddings
=984  \\$a0226$cSF Edd

