=LDR  00781cam  2200277   4500
=001  30862
=005  20160611171953.0
=008  930824t19931993nyub\\\\\\\\\\000\1\eng\d
=020  \\$a0345373227
=035  \\$a(OCoLC)   93054993
=035  \\$a(WaOLN)8663527
=040  \\$aWaTPC$cWaTPC$dUtOrBLW
=100  1\$aEddings, David.
=245  14$aThe shining ones /$cDavid Eddings.
=250  \\$a1st ed.
=260  \\$aNew York :$bBallantine,$c[1993], {copy}1993.
=300  \\$a470 pages :$bmap ;$c25 cm.
=336  \\$atext$btxt$2rdacontent
=337  \\$aunmediated$bn$2rdamedia
=338  \\$avolume$bnc$2rdacarrier
=490  1\$aBook two of the Tamuli
=500  \\$a"A Del Rey book."
=800  1\$aEddings, David.$tTamuli;$vbk. 2.
=913  \\$aEDDSONE99
=914  \\$a113265
=984  \\$a0211$cEDDINGS

