=LDR  00839cam  2200289   4500
=001  30863
=005  20160611171953.0
=008  911108s1992\\\\nyub\\\\\\\\\\000\1\eng\\
=020  \\$a0345374746 :$c{dollar}22.00 ({dollar}28.00 Can.)
=035  \\$a(OCoLC)   91072882
=035  \\$a(WaOLN)7453263
=040  \\$aDLC$cDLC$dDLC$dUtOrBLW
=050  00$aPS3555.D38$bS27 1992
=082  00$a813/.54$220
=100  1\$aEddings, David.
=245  14$aThe sapphire rose /$cDavid Eddings.
=250  \\$a1st ed.
=260  \\$aNew York :$bBallantine Books,$c1992.
=300  \\$a467 pages :$bmaps ;$c24 cm.
=336  \\$atext$btxt$2rdacontent
=337  \\$aunmediated$bn$2rdamedia
=338  \\$avolume$bnc$2rdacarrier
=490  1\$aThe Elenium ;$vbk. 3
=500  \\$a"A Del Rey book."
=800  1\$aEddings, David.$tElenium;$vbk. 3.
=913  \\$aEDDSROS99
=914  \\$a113266

