=LDR  00857cam  2200301 a 4500
=001  42739
=005  20160611173114.0
=008  840222s1984\\\\nyu\\\\\\\\\\\000\1\eng\\
=035  \\$a(OCoLC)   84003091
=035  \\$a(WaOLN)3044426
=040  \\$cXX-XxUND$dUtOrBLW
=050  00$aPS3515.E288$bJ6 1984
=082  00$a813/.54$219
=100  1\$aHeinlein, Robert A.$q(Robert Anson),$d1907-1988.
=245  10$aJob, a comedy of justice /$cRobert A. Heinlein.
=250  \\$a1st ed.
=260  \\$aNew York :$bBallantine Books,$c1984.
=300  \\$a376 pages ;$c24 cm
=336  \\$atext$btxt$2rdacontent
=337  \\$aunmediated$bn$2rdamedia
=338  \\$avolume$bnc$2rdacarrier
=500  \\$a"A Del Rey book."
=913  \\$aHEIJACO99
=914  \\$a154945
=984  \\$a0204$cSCI FIC
=984  \\$a0211$cHEINLEI
=984  \\$a0213$cHEINLEI$cHei
=984  \\$a0226$cHEINLEI

