=LDR  00861cam  2200301   4500
=001  43190
=005  20160612024352.0
=008  691114s1969\\\\nyu\\\\\\\\\\\000\1\eng\\
=020  \\$c4.95
=035  \\$a(OCoLC)   77091815
=035  \\$a(WaOLN)215406
=040  \\$cXX-XxUND$dUtOrBLW
=050  00$aPZ4.H5356$bDu$aPS3558.E63
=082  00$a813/.5/4
=100  1\$aHerbert, Frank.
=245  10$aDune messiah.
=260  \\$aNew York :$bPutnam,$c[1969]
=300  \\$a256 pages ;$c21 cm
=336  \\$atext$btxt$2rdacontent
=337  \\$aunmediated$bn$2rdamedia
=338  \\$avolume$bnc$2rdacarrier
=500  \\$aSequel to Dune.
=521  8\$a780L$bLexile
=526  \\$aAccelerated Reader$bUG$c5.7$d11$e11$z79164
=650  \0$aDune (Imaginary place)$vFiction.
=655  \7$aScience fiction.$2gsafd
=800  1\$aHerbert, Frank.$tDune chronicles;$vbk. 2.
=914  \\$a156589

