=LDR  01149cam  2200337Ka 4500
=001  43194
=005  20170108014518.0
=008  011030m19991965nyua\\\\\\\\\\000\0\eng\d
=020  \\$a0399128964
=020  \\$a044100590X
=035  \\$a(OCoLC)ocm48232076
=040  \\$aFPU$bfre$cFPU$dUtOrBLW
=049  \\$aOEKA
=092  \\$a428.43$bHER$fdun
=100  1\$aHerbert, Frank.
=245  10$aDune /$cFrank Herbert.
=250  \\$a1st ed. in 1965.
=260  \\$aNew York :$bAce Books division of Penguin Putnam Inc.,$c1999, {copy}1965.
=300  \\$a517 pages :$b1 illustration ;$c28 cm
=336  \\$atext$btxt$2rdacontent
=337  \\$aunmediated$bn$2rdamedia
=338  \\$avolume$bnc$2rdacarrier
=500  \\$aAn Ace Science Fiction and Fantasy Book : Science Fiction's Supreme Masterpiece.
=521  8\$a800L$bLexile
=526  \\$aAccelerated Reader$bUG$c5.7$d28$e28$z18556
=650  \0$aDune (Imaginary place)$vFiction.
=655  \7$aScience fiction.$2gsafd
=800  1\$aHerbert, Frank.$tDune chronicles;$vbk. 1.
=914  \\$a156601
=449  00$aHugo Award Novels 1955-2000 (Science Fiction)
=449  00$aNebula Award Novels: 1965-1999 (Science Fiction)

