=LDR  00923cam  2200301 a 4500
=001  43229
=005  20160612024354.0
=008  830808t19841984nyu\\\\\\\\\\\000\1\eng\\
=020  \\$a0399129472 (lim. ed.)
=020  \\$a0399128980 :$c{dollar}16.95
=035  \\$a(OCoLC)   83016040
=035  \\$a(WaOLN)2846337
=040  \\$cXX-XxUND$dUtOrBLW
=050  00$aPS3558.E63$bH4 1984
=082  00$a813/.54$219
=100  1\$aHerbert, Frank.
=245  10$aHeretics of Dune /$cFrank Herbert.
=260  \\$aNew York :$bPutnam,$c[1984], {copy}1984.
=300  \\$a480 pages ;$c24 cm.
=336  \\$atext$btxt$2rdacontent
=337  \\$aunmediated$bn$2rdamedia
=338  \\$avolume$bnc$2rdacarrier
=490  0\$aDune Chronicles ;$vbk. 5
=526  \\$aAccelerated Reader$bUG$c6.2$d26$e26$z79165
=650  \0$aDune (Imaginary place)$vFiction.
=655  \7$aScience fiction.$2gsafd
=800  1\$aHerbert, Frank.$tDune chronicles;$vbk. 5.
=914  \\$a156731

