=LDR  01237cam  2200349Ia 4500
=001  44317
=005  20160611173243.0
=008  960418r19961995nyub\\\\\\\\\\000\1\eng\d
=010  \\$a   94028942 
=019  \\$a621907597$a838620536
=020  \\$a055357339X$q(pbk.)
=020  \\$a9780553573398$q(pbk.)
=035  \\$a(OCoLC)ocm34592869 
=040  \\$aOCO$beng$cOCO$dJNA$dBAKER$dNLGGC$dBTCTA$dYDXCP$dABG$dGRR$dBGTON$dO2H$dBDX$dNYP$dOCLCQ$dOCLCO$dWIQ$dOCLCF$dOCLCQ$dOCLCO$dUtOrBLW
=049  \\$aZPJA
=050  \4$aPS3558.O33636$bA8 1996a
=082  04$a813.54
=084  \\$a18.06$2bcl
=100  1\$aHobb, Robin.
=245  10$aAssassin's apprentice /$cRobin Hobb.
=260  \\$aNew York :$bBantam Books,$c1996.
=300  \\$a435 pages :$bmap ;$c18 cm.
=336  \\$atext$btxt$2rdacontent
=337  \\$aunmediated$bn$2rdamedia
=338  \\$avolume$bnc$2rdacarrier
=490  1\$aFarseer
=520  \\$aFitz, Prince Chivalry's illegitimate son raised by Burrich the stableman, is ignored by all the royalty except for King Shrewd, who has him tutored as an assassin because he has the magic Skill.
=650  \0$aAssassins$vFiction.
=650  \0$aFantasy fiction.
=800  1\$aHobb, Robin.$tFarseer.
=914  \\$a160009
=994  \\$aC0$bZPJ

