=LDR  00969cam  2200313 a 4500
=001  52796
=005  20160612024842.0
=008  \\\\\\t19901990nyua\\\\\\\\\\000\1\eng\d
=020  \\$a0613630548
=020  \\$a0886774268 :$c{dollar}4.50
=035  \\$a(OCoLC)wln90184011
=035  \\$a(WaOLN)6587281
=040  \\$aWaMaS$cWaMaS$dUtOrBLW
=100  1\$aLackey, Mercedes.
=245  10$aMagic's price /$cMercedes Lackey.
=260  \\$aNew York, NY :$bDAW,$c[1990], {copy}1990.
=300  \\$a351 pages :$billustrations ;$c18 cm.
=336  \\$atext$btxt$2rdacontent
=337  \\$aunmediated$bn$2rdamedia
=338  \\$avolume$bnc$2rdacarrier
=490  1\$aThe Last herald-mage ;$vbk. 3
=526  \\$aAccelerated Reader$bUG$c7.0$d21$e21$z58298
=650  \0$aValdemar (Imaginary place)$vFiction.
=650  \0$aMagic$vFiction.
=655  \7$aFantasy fiction.$2gsafd
=800  1\$aLackey, Mercedes.$tLast herald mage;$vbk. 3.
=913  \\$aLACMPRI99
=914  \\$a189047
=984  \\$a0213$cLackey

