=LDR  02045cam  2200433Ia 4500
=001  52797
=005  20160612024842.0
=008  900125t19901990nyu\\\\\\\\\\\000\1\eng\d
=010  \\$a   97808125 
=020  \\$a0886774012$q(pbk.)
=020  \\$a9780886774011$q(pbk.)
=035  \\$a(OCoLC)ocm20956328 
=035  \\$a(OCoLC)20956328
=040  \\$aXWA$beng$cXWA$dDVA$dOHI$dGFK$dOCLCQ$dBAKER$dBTCTA$dYDXCP$dKZV$dAZH$dVUE$dDLC$dBDX$dOCLCF$dP4I$dMNM$dOCLCO$dOCLCQ$dUtOrBLW
=050  \4$aPS3562.A246$bM323 1990
=050  \4$aPS3562.A246$bM33 1990x
=082  04$a813/.54$220
=100  1\$aLackey, Mercedes,$eauthor.
=245  10$aMagic's promise /$cMercedes Lackey.
=260  \\$aNew York :$bDAW Books,$c[1990], {copy}1990.
=300  \\$a320 pages ;$c17 cm.
=336  \\$atext$btxt$2rdacontent
=337  \\$aunmediated$bn$2rdamedia
=338  \\$avolume$bnc$2rdacarrier
=490  1\$aThe Last herald-mage ;$vbk. 2
=490  1\$aDAW book collectors ;$vno. 803
=520  \\$aWith King Randale stricken by a mysterious illness and the powerful Herald-Mage Vanyel at the end of his strength, a neighboring kingdom is threatened by a magical holocaust.
=520  \\$aThe wild magic is taking its toll on the land, and even Vanyel, the most powerful Herald-Mage to ever walk the world, is almost at the end of his strength. But when his Companion, Yfandes, receives a call for help from neighboring Lineas, both Herald-Mage and Companion are drawn into a holocaust of dark magic that could be the end of them both.
=526  \\$aAccelerated Reader$bUG$c6.3$d18$e18$z58299
=650  \0$aMagic$vFiction.
=650  \0$aValdemar (Imaginary place)$vFiction.
=650  \0$aGay heroes$vFiction.
=650  \0$aFantasy$vJuvenile literature.
=655  \7$aFantasy fiction.$2lcgft
=655  \7$aFantasy fiction.$2gsafd
=776  08$iOnline version:$aLackey, Mercedes.$tMagic's promise.$dNew York : DAW Books, {copy}1990$w(OCoLC)756462587
=800  1\$aLackey, Mercedes.$tLast herald mage;$vbk. 2.
=830  \0$aDAW book collectors ;$vno. 803.
=914  \\$a189048

