=LDR  00954cam  2200313Ia 4500
=001  52805
=005  20160611174050.0
=008  960207t19961996nyua\\\\\\\\\\000\1\eng\d
=020  \\$a0886776848
=035  \\$a(OCoLC)ocm34148093
=040  \\$aXPB$cXPB$dUtOrBLW
=049  \\$aOEKA
=092  \\$aF$bLac
=099  \\$aFICTION$aLACKEY$aM
=100  1\$aLackey, Mercedes.
=245  14$aThe silver gryphon /$cMercedes Lackey & Larry Dixon.
=260  \\$aNew York :$bDAW Books :$bDistributed by Penguin USA,$c[1996], {copy}1996.
=300  \\$a322 pages :$billustrations ;$c24 cm.
=336  \\$atext$btxt$2rdacontent
=337  \\$aunmediated$bn$2rdamedia
=338  \\$avolume$bnc$2rdacarrier
=490  1\$aThe mage wars
=500  \\$a"Book three of The mage wars."
=650  \0$aValdemar (Imaginary place)$vFiction.
=655  \7$aFantasy fiction.$2gsafd
=700  1\$aDixon, Larry.
=800  1\$aLackey, Mercedes.$tMage wars.
=913  \\$aLACSGRY99
=914  \\$a189061

