=LDR  00797nam  2200265   4500
=001  52808
=005  20160612024843.0
=008  940718s1994\\\\nyua\\\\\\\\\\000\1\eng\d
=020  \\$a0886776112
=035  \\$a(OCoLC)wln94260179
=035  \\$a(WaOLN)9301997
=040  \\$aOrP$cOrP$dUtOrBLW
=100  1\$aLackey, Mercedes.
=245  10$aStorm warning /$cMercedes Lackey.
=260  \\$aNew York, NY :$bDAW Books,$c1994.
=300  \\$a403 pages :$billustrations ;$c24 cm.
=336  \\$atext$btxt$2rdacontent
=337  \\$aunmediated$bn$2rdamedia
=338  \\$avolume$bnc$2rdacarrier
=490  1\$aMage storms ;$vbk. 1
=526  \\$aAccelerated Reader$bUG$c7.7$d25$e25$z58306
=800  1\$aLackey, Mercedes.$tMage storms;$vbk. 1.
=913  \\$aLACSWAR99
=914  \\$a189069
=984  \\$a0204$cFICTION LACKEY M

