=LDR  00987cam  22003258  4500
=001  54192
=005  20160611174209.0
=008  950325s1995\\\\nyu\\\\\\\\\\\000\1\eng\\
=010  \\$a   95011459 
=020  \\$a0061052345 (hardcover)
=035  \\$a(OCoLC)   95011459
=035  \\$a(WaOLN)9655327
=040  \\$aDLC$cDLC$dUtOrBLW
=050  00$aPS3562.E42$bF68 1995
=082  00$a813/.54$220
=100  1\$aLe Guin, Ursula K.,$d1929-
=245  10$aFour ways to forgiveness /$cby Ursula K. Le Guin.
=260  \\$aNew York :$bHarperPrism,$c1995.
=263  \\$a9509
=300  \\$apages ;$ccm.
=336  \\$atext$btxt$2rdacontent
=337  \\$aunmediated$bn$2rdamedia
=338  \\$avolume$bnc$2rdacarrier
=505  0\$aBetrayals -- Forgiveness day -- A man of the people -- A woman's liberation.
=650  \0$aLife on other planets$vFiction.
=650  \0$aScience fiction, American.
=650  \0$aWomen$vFiction.
=913  \\$aLE*FWTF98
=914  \\$a193700
=984  \\$a0204$cSCI FIC LEGUIN U

