=LDR  00981cam  22003258  4500
=001  56213
=005  20160611174403.0
=008  950222s1995\\\\nyu\\\\\\\\\\\000\1\eng\\
=010  \\$a   94044443 
=020  \\$a067187652X
=035  \\$a(OCoLC)   94044443
=035  \\$a(WaOLN)9586662
=040  \\$aDLC$cDLC$dUtOrBLW
=050  00$aPS3562.L94$bS57 1995
=082  00$a813/.54$220
=100  1\$aLlywelyn, Morgan.
=245  10$aSilverhand /$cby Morgan Llywelyn & Michael Scott.
=260  \\$aRiverdale, NY :$bBean Pub. Enterprises ;$aNew York, NY :$bDistributed by Simon & Schuster,$c1995.
=263  \\$a9504
=300  \\$apages ;$ccm.
=336  \\$atext$btxt$2rdacontent
=337  \\$aunmediated$bn$2rdamedia
=338  \\$avolume$bnc$2rdacarrier
=490  1\$aThe Arcana ;$vv. 1
=655  \7$aFantasy fiction.$2lcgft
=700  1\$aScott, Michael,$d1959-
=800  1\$aLlywelyn, Morgan.$tArcana;$vv. 1.
=913  \\$aLLYSILV99
=914  \\$a200717
=984  \\$a0204$cFICTION LLYWELY M

