=LDR  00916cam  22003138  4500
=001  57058
=005  20160611174452.0
=008  950406s1995\\\\nyu\\\\\\\\\\\000\1\eng\\
=010  \\$a   95003613 
=020  \\$a055309596X
=035  \\$a(OCoLC)   95003613
=035  \\$a(WaOLN)9613341
=040  \\$aDLC$cDLC$dUtOrBLW
=050  00$aPS3562.U234$bS53 1995
=082  00$a813/.54$220
=100  1\$aLucas, George,$d1944-
=245  10$aShadow moon /$cGeorge Lucas and Chris Claremont.
=260  \\$aNew York :$bBantam Books,$c1995.
=263  \\$a9507
=300  \\$apages ;$ccm.
=336  \\$atext$btxt$2rdacontent
=337  \\$aunmediated$bn$2rdamedia
=338  \\$avolume$bnc$2rdacarrier
=490  1\$aChronicles of the Shadow War ;$v1st
=700  1\$aClaremont, Chris,$d1950-
=800  1\$aLucas, George.$tChronicles of the Shadow War ;$v1st.
=913  \\$aLUCSMOO99
=914  \\$a203488
=984  \\$a0204$cFICTION LUCAS G

