=LDR  01070cam  2200349   4500
=001  60317
=005  20160612025236.0
=008  930820s1993\\\\nyub\\\\\\\\\\000\1\eng\\
=020  \\$a0345368983
=035  \\$a(OCoLC)   93010079
=035  \\$a(WaOLN)8579035
=040  \\$aDLC$cDLC$dDLC$dUtOrBLW
=050  00$aPS3563.A255$bC47 1993
=082  00$a813/.54$220
=100  1\$aMcCaffrey, Anne.
=245  14$aThe chronicles of Pern :$bfirst fall /$cAnne McCaffrey.
=250  \\$a1st ed.
=260  \\$aNew York :$bBallantine Books,$c1993.
=300  \\$a306 pages :$bmaps ;$c25 cm.
=336  \\$atext$btxt$2rdacontent
=337  \\$aunmediated$bn$2rdamedia
=338  \\$avolume$bnc$2rdacarrier
=490  1\$aThe Dragonriders of Pern
=500  \\$a"A Del Rey book."
=521  8\$a990L$bLexile
=650  \0$aPern (Imaginary place)$vFiction.
=650  \0$aLife on other planets$vFiction.
=650  \0$aSpace colonies$vFiction.
=650  \0$aDragons$vFiction.
=650  \0$aFantasy fiction, American.
=800  1\$aMcCaffrey, Anne.$tDragonriders of Pern;$v14.
=914  \\$a214629

