=LDR  00919cam  2200313 a 4500
=001  60379
=005  20160612025239.0
=008  941108t19951995nyu\\\\\\\\\\\000\1\eng\\
=010  \\$a   94043820 
=020  \\$a039914062X (acid-free paper)
=035  \\$a(OCoLC)ocm31605483
=040  \\$aDLC$cDLC$dOCL$dUtOrBLW
=049  \\$aOEKA
=050  00$aPS3563.A255$bF74 1995
=082  00$a813/.54$220
=100  1\$aMcCaffrey, Anne.
=245  10$aFreedom's landing /$cAnne McCaffrey.
=260  \\$aNew York :$bPutnam,$c[1995], {copy}1995.
=300  \\$a342 pages ;$c23 cm
=336  \\$atext$btxt$2rdacontent
=337  \\$aunmediated$bn$2rdamedia
=338  \\$avolume$bnc$2rdacarrier
=500  \\$a"An Ace Putnam book."
=521  8\$a840L$bLexile
=526  \\$aAccelerated Reader$bUG$c6.0$d17$e17$z88821
=650  \0$aSpace colonies$vFiction.
=650  \0$aSlave labor$vFiction.
=655  \7$aScience fiction.$2gsafd
=914  \\$a214823

