=LDR  00842nam  22003018  4500
=001  60554
=005  20160611174814.0
=008  950315s1995\\\\nyu\\\\\\\\\\\000\1\eng\\
=010  \\$a   94047994 
=020  \\$a0345388267
=035  \\$a(OCoLC) ocm031753737
=035  \\$a(WaOLN)9554362
=040  \\$aDLC$cDLC$dUtOrBLW
=050  00$aPS3563.A255$bP674 1995
=082  00$a813/.54$220
=100  1\$aMcCaffrey, Anne.
=245  10$aPower play /$cAnne McCaffrey, Elizabeth Ann Scarborough.
=250  \\$a1st ed.
=260  \\$aNew York :$bBallantine Books,$c1995.
=263  \\$a9507
=300  \\$apages ;$ccm.
=336  \\$atext$btxt$2rdacontent
=337  \\$aunmediated$bn$2rdamedia
=338  \\$avolume$bnc$2rdacarrier
=500  \\$a"A Del Rey book."
=655  \7$aScience fiction.$2gsafd
=700  1\$aScarborough, Elizabeth Ann.
=914  \\$a215410

