=LDR  00954cam  22003378a 4500
=001  65896
=005  20170320154836.0
=008  950622s1995\\\\nyu\\\\\\\\\\\000\1\eng\\
=010  \\$a   95023537 
=020  \\$a0312855222
=020  \\$a9780765320889 (pbk.)
=020  \\$a0765320886 (pbk.)
=035  \\$a(OCoLC)ocm32821757
=035  \\$a703357
=040  \\$aDLC$cDLC$dJBO$dUtOrBLW
=049  \\$aOEKA
=050  00$aPS3564.I9$bB46 1995
=082  00$a813/.54$220
=100  1\$aNiven, Larry.
=245  10$aBeowulf's children /$cLarry Niven, Jerry Pournelle, Steven Barnes.
=260  \\$aNew York :$bTOR,$c1995.
=263  \\$a9511
=300  \\$a382 pages :$bmaps ;$c24 cm
=336  \\$atext$btxt$2rdacontent
=337  \\$aunmediated$bn$2rdamedia
=338  \\$avolume$bnc$2rdacarrier
=500  \\$a"A Tom Doherty Associates book."
=655  \7$aScience fiction.$2gsafd
=700  1\$aPournelle, Jerry,$d1933-
=700  1\$aBarnes, Steven.
=914  \\$a234091

