=LDR  00810cam  22003018  4500
=001  66192
=005  20160612025536.0
=008  940816s1995\\\\nyu\\\\\\\\\\\000\1\eng\\
=010  \\$a   94032818 
=020  \\$a0688139884 :$c{dollar}22.00
=035  \\$a(OCoLC)   94032818
=035  \\$a(WaOLN)9373519
=040  \\$aDLC$cDLC$dUtOrBLW
=050  00$aPS3527.O632$bM57 1995
=082  00$a813/.52$220
=100  1\$aNorton, Andre.
=245  10$aMirror of destiny /$cAndre Norton.
=260  \\$aNew York :$bW. Morrow,$c1995.
=263  \\$a9503
=300  \\$apages ;$ccm.
=336  \\$atext$btxt$2rdacontent
=337  \\$aunmediated$bn$2rdamedia
=338  \\$avolume$bnc$2rdacarrier
=521  8\$a990L$bLexile
=655  \7$aFantasy fiction.$2gsafd
=913  \\$aNORMODE99
=914  \\$a235053
=984  \\$a0204$cFICTION NORTON A

