=LDR  01020cam  2200265 a 4500
=001  75791
=005  20160611180254.0
=008  890824s1989\\\\nyu\\\\\\\\\\\000\1\eng\\
=035  \\$a(OCoLC)   89039878
=035  \\$a(WaOLN)5815608
=040  \\$aDLC$cDLC$dDLC$dWaS$dUtOrBLW
=050  00$aPS3569.A215$bF49 1989
=082  00$a813/.54$220
=100  1\$aSaberhagen, Fred,$d1930-2007.
=245  10$aCoinspinner's story :$bthe fifth book of lost swords /$cFred Saberhagen.
=250  \\$a1st ed.
=260  \\$aNew York :$bT. Doherty Associates,$c1989.
=300  \\$a244 pages ;$c21 cm
=336  \\$atext$btxt$2rdacontent
=337  \\$aunmediated$bn$2rdamedia
=338  \\$avolume$bnc$2rdacarrier
=500  \\$a"A TOR book"--T.p. verso.
=520  0\$aA host of strange characters--Prince Nurat of Culm, the evil macrowizard Wood, Prince Adrian, and Trilby--become involved in a desperate struggle to possess a sword of chance known as Coinspinner.
=800  1\$aSaberhagen, Fred,$d1930-2007.$tLost swords;$v5th book.
=914  \\$a268246

