=LDR  00880cam  2200277 a 4500
=001  75792
=005  20160611180254.0
=008  890427s1989\\\\nyu\\\\\\\\\\\000\1\eng\\
=020  \\$a0312931700 :$c{dollar}16.95
=020  \\$z0812593170 :$c{dollar}16.95
=035  \\$a(OCoLC)   89011638
=035  \\$a(WaOLN)5516409
=040  \\$aDLC$cDLC$dDLC$dWaS$dUtOrBLW
=050  00$aPS3569.A215$bF68 1989
=082  00$a813/.54$220
=100  1\$aSaberhagen, Fred,$d1930-2007.
=245  10$aFarslayer's story :$bthe fourth book of lost swords /$cFred Saberhagen.
=250  \\$a1st ed.
=260  \\$aNew York :$bT. Doherty Associates,$c1989.
=300  \\$a252 pages ;$c22 cm
=336  \\$atext$btxt$2rdacontent
=337  \\$aunmediated$bn$2rdamedia
=338  \\$avolume$bnc$2rdacarrier
=500  \\$a"A TOR book"--T.p. verso.
=800  1\$aSaberhagen, Fred,$d1930-2007.$tLost swords;$v4th book.
=914  \\$a268247

