=LDR  01029cam  2200289   4500
=001  75801
=005  20160611180255.0
=008  890330t19881988nyu\\\\\\\\\\\000\1\eng\d
=035  \\$a(OCoLC)wln89055912
=035  \\$a(WaOLN)5396731
=040  \\$aWaMonR$cWaMonR$dUtOrBLW
=082  04$a813/.54$220
=100  1\$aSaberhagen, Fred,$d1930-2007.
=245  14$aThe lost swords :$bthe first triad /$cFred Saberhagen.
=246  3\$aWoundhealer's story
=246  3\$aSightblinder's story
=246  3\$aStonecutter's story
=260  \\$aGarden City, N.Y. :$bNelson Doubleday,$c[1988], {copy}1988.
=300  \\$a602 pages ;$c22 cm
=336  \\$atext$btxt$2rdacontent
=337  \\$aunmediated$bn$2rdamedia
=338  \\$avolume$bnc$2rdacarrier
=505  0\$aWoundhealer's story -- Sightblinder's story ---Stonecutter's story.
=800  1\$aSaberhagen, Fred,$d1930-2007.$tLost swords;$v1st book.
=800  1\$aSaberhagen, Fred,$d1930-2007.$tLost swords;$v2nd book.
=800  1\$aSaberhagen, Fred,$d1930-2007.$tLost swords;$v3rd book.
=914  \\$a268279

