=LDR  00963cam  22003258  4500
=001  75802
=005  20160611180255.0
=008  950125s1995\\\\nyu\\\\\\\\\\\000\1\eng\\
=010  \\$a   94046366 
=020  \\$a031285563X (hardcover) :$c{dollar}22.95
=035  \\$a(OCoLC)   94046366
=035  \\$a(WaOLN)9543300
=040  \\$aDLC$cDLC$dUtOrBLW
=050  00$aPS3569.A215$bM47 1995
=082  00$a813/.54$220
=100  1\$aSaberhagen, Fred,$d1930-2007.
=245  10$aMerlin's bones /$cFred Saberhagen.
=260  \\$aNew York :$bTOR,$c1995.
=263  \\$a9504
=300  \\$apages ;$ccm.
=336  \\$atext$btxt$2rdacontent
=337  \\$aunmediated$bn$2rdamedia
=338  \\$avolume$bnc$2rdacarrier
=500  \\$a"A Tom Doherty Associates book."
=650  \0$aMerlin (Legendary character)$vFiction.
=650  \0$aArthurian romances$vAdaptations.$2gsafd
=655  \7$aFantasy fiction.$2gsafd
=913  \\$aSABMBON99
=914  \\$a268282
=984  \\$a0204$cFICTION SABERHA F

