=LDR  00751cam  2200253   4500
=001  76014
=005  20160611180308.0
=008  040614s1994\\\\nyu\\\\\\\\\\\000\1\eng\d
=020  \\$a0441000789 (pbk.)
=035  \\$a(OCoLC)wln94257733
=040  \\$aIdB$cIdB$dUtOrBLW
=100  1\$aSalvatore, R. A.,$d1959-
=245  14$aThe dragon's dagger /$cR.A. Salvatore.
=250  \\$aAce ed.
=260  \\$aNew York :$bAce Books,$c1994.
=300  \\$a313 pages ;$c18 cm.
=336  \\$atext$btxt$2rdacontent
=337  \\$aunmediated$bn$2rdamedia
=338  \\$avolume$bnc$2rdacarrier
=490  1\$aSpearwielder's tale ;$v2
=500  \\$aSequel to The woods out back.
=800  1\$aSalvatore, R. A.,$d1959-$tSpearwielder's tale;$v2.
=913  \\$aSALDDAG99
=914  \\$a268935

