=LDR  00855cam  22003018  4500
=001  76036
=005  20160611180309.0
=008  950805s1996\\\\nyu\\\\\\\\\\\000\1\eng\\
=010  \\$a   95023718 
=020  \\$a0446517275 (hardcover)
=035  \\$a(OCoLC)   95023718
=035  \\$a(WaOLN)9852739
=040  \\$aDLC$cDLC$dUtOrBLW
=050  00$aPS3569.A462345$bL87 1996
=082  00$a813/.54$220
=100  1\$aSalvatore, R. A.,$d1959-
=245  10$aLuthien's gamble /$cR.A. Salvatore.
=260  \\$aNew York :$bWarner Books,$c1996.
=263  \\$a9602
=300  \\$a291 pages ;$c24 cm
=336  \\$atext$btxt$2rdacontent
=337  \\$aunmediated$bn$2rdamedia
=338  \\$avolume$bnc$2rdacarrier
=500  \\$aSequel to: The sword of Bedwyr.
=655  \7$aFantasy fiction.$2gsafd
=913  \\$aSALLGAM99
=914  \\$a269029
=984  \\$a0204$cFICTION SALVATO R

