=LDR  00849cam  2200289   4500
=001  76065
=005  20160612030038.0
=008  941213t19951995nyu\\\\\\\\\\\000\1\eng\\
=010  \\$a   94010994 
=020  \\$a0446517267 :$c{dollar}18.95 FPT ({dollar}22.95 Can.)
=035  \\$a(OCoLC)   94010994
=035  \\$a(WaOLN)9219962
=040  \\$aDLC$cDLC$dDLC$dUtOrBLW
=050  00$aPS3569.A462345$bS96 1995
=082  00$a813/.54$220
=100  1\$aSalvatore, R. A.,$d1959-
=245  14$aThe sword of Bedwyr /$cR.A. Salvatore.
=260  \\$aNew York :$bWarner Books,$c[1995], {copy}1995.
=300  \\$a247 pages ;$c24 cm
=336  \\$atext$btxt$2rdacontent
=337  \\$aunmediated$bn$2rdamedia
=338  \\$avolume$bnc$2rdacarrier
=521  8\$a1120L$bLexile
=655  \7$aFantasy fiction.$2gsafd
=913  \\$aSALSOBE99
=914  \\$a269122
=984  \\$a0204$cFICTION SALVATO R

