=LDR  00761nam  2200241   4500
=001  76066
=005  20160611180310.0
=008  940901t19941994wiu\b\\\\\\\\\000\1\eng\d
=020  \\$a1560768886 :$c{dollar}18.95
=035  \\$a(OCoLC)   93061467
=035  \\$a(WaOLN)9301394
=040  \\$aWaSKC$cWaSKC$dUtOrBLW
=100  1\$aSalvatore, R. A.,$d1959-
=245  10$aSiege of darkness /$cR.A. Salvatore.
=260  \\$aLake Geneva, WI :$bTSR,$c[1994], {copy}1994.
=300  \\$a313 pages ;$c23 cm.
=336  \\$atext$btxt$2rdacontent
=337  \\$aunmediated$bn$2rdamedia
=338  \\$avolume$bnc$2rdacarrier
=490  0\$aForgotten realms
=800  1\$aSalvatore, R. A.,$d1959-$tLegend of Drizzt;$vbk. 9.
=800  1\$aSalvatore, R. A.,$d1959-$tLegacy of the Drow ;$v3.
=914  \\$a269123

