=LDR  01246cam  2200301   4500
=001  79495
=005  20160611180628.0
=008  910918t19911991nyu\\\\\\\\\\\000\1\eng\\
=020  \\$a0553075926 :$c{dollar}20.00 ({dollar}25.00 Can.)
=020  \\$a0553075985 (limited ed.)
=035  \\$a(WaOLN)   91013530 //r91
=035  \\$a(WaOLN)7129428
=040  \\$aDLC$cDLC$dDLC$dOCoLC$dUtOrBLW
=050  00$aPS3569.I472$bF33 1991
=082  00$a813/.54$220
=100  1\$aSilverberg, Robert.
=245  14$aThe face of the waters /$cRobert Silverberg.
=260  \\$aNew York :$bBantam,$c[1991], {copy}1991.
=300  \\$a353 pages ;$c24 cm
=336  \\$atext$btxt$2rdacontent
=337  \\$aunmediated$bn$2rdamedia
=338  \\$avolume$bnc$2rdacarrier
=520  0\$aIn the 25th century a segment of humanity is living on tiny islands scattered across the water-world Hydros. When the inhabitants of Sorve Island are forcibly evicted by the natives of Hydros - the Gilliers - they must set out on a perilous journey across the Empty Sea, in search of the fabled landmass known as the Face of the Waters.
=650  \0$aExtraterrestrial beings$vFiction.
=650  \0$aHydros (Imaginary place)$vFiction.
=655  \7$aScience fiction.$2gsafd
=913  \\$aSILFOTW99
=914  \\$a281547

