=LDR  00961cam  22003258a 4500
=001  82279
=005  20160611180907.0
=008  940718t19951995nyu\\\\\\\\\\\000\1\eng\\
=010  \\$a   94030486 
=020  \\$a0553096095
=035  \\$a(OCoLC)   94030486
=035  \\$a(WaOLN)9366793
=040  \\$aDLC$cDLC$dUtOrBLW
=050  00$aPS3569.T3868$bD53 1995
=082  00$a813/.54$220
=100  1\$aStephenson, Neal.
=245  14$aThe diamond age ;$bor, Young lady's illustrated primer /$cNeal Stephenson.
=260  \\$aNew York :$bBantam Books,$c[1995], {copy}1995.
=263  \\$a9502
=300  \\$apages ;$ccm.
=336  \\$atext$btxt$2rdacontent
=337  \\$aunmediated$bn$2rdamedia
=338  \\$avolume$bnc$2rdacarrier
=449  00$aHugo Award Novels 1955-2000 (Science Fiction)
=490  1\$aBantam spectra book
=740  0\$aDiamond age.
=740  0\$aYoung lady's illustrated primer.
=830  \0$aBantam spectra book.
=913  \\$aSTEDAGE99
=914  \\$a290993

