=LDR  02310cam  2200577 a 4500
=001  90442
=005  20160612030747.0
=008  870822t19851985wiua\\\\\\\\\\000\1\eng\\
=010  \\$a  2002568017$z85090078
=019  \\$a30500536$a49727334
=020  \\$a0880381752 (pbk.) :$c{dollar}3.50
=020  \\$a9780880381758 (pbk.)
=020  \\$a0394741838 (Random House : pbk.)
=020  \\$a9780394741833 (Random House : pbk.)
=020  \\$a0786915897 (pbk.)
=020  \\$a9780786915897 (pbk.)
=029  1\$aNZ1$b4033569
=029  1\$aAU@$b000004407548
=029  1\$aAU@$b000025615849
=035  \\$a(OCoLC)ocm12626639 
=035  \\$a(OCoLC)12626639$z(OCoLC)30500536$z(OCoLC)49727334
=040  \\$aDLC$cDLC$dBAKER$dBTCTA$dYDXCP$dOCLCG$dOCLCQ$dUtOrBLW
=049  \\$aMAIN
=050  00$aPS3573.E3978$bD74 1985
=051  \\$aCPB Box no. 1907 vol. 7
=082  00$a813/.54$219
=100  1\$aWeis, Margaret.
=245  10$aDragons of spring dawning /$cby Margaret Weis and Tracy Hickman ; poetry by Michael Williams ; interior art by Jeffrey Butler.
=260  \\$aLake Geneva, WI :$bTSR ;$a[New York] :$bDistributed in the U.S. by Random House,$c[1985], {copy}1985.
=300  \\$a379 pages :$billustrations ;$c18 cm.
=336  \\$atext$btxt$2rdacontent
=337  \\$aunmediated$bn$2rdamedia
=338  \\$avolume$bnc$2rdacarrier
=490  1\$aChronicles ;$vv. 3
=500  \\$aOn t.p. the registered trademark symbol "TM" is superscript following "Dragonlance" in the series title.
=521  8\$a820L$bLexile
=526  \\$aAccelerated Reader$bUG$c5.7$d20$e20$z106270
=650  \0$aKrynn (Imaginary place)$vFiction.
=650  \0$aDragons$vFiction.
=655  \7$aFantasy fiction.$2gsafd
=700  1\$aHickman, Tracy.
=700  1\$aWilliams, Michael,$d1952 December 17-
=710  2\$aCopyright Paperback Collection (Library of Congress)$5DLC
=800  1\$aWeis, Margaret.$tChronicles;$vv. 3.
=856  42$3Publisher description$uhttp://www.loc.gov/catdir/enhancements/fy0614/2002568017-d.html
=914  \\$a318463
=938  \\$aBaker & Taylor$bBKTY$c7.99$d6.39$i0786915897$n0003382627$sactive
=938  \\$aBaker and Taylor$bBTCP$n2002568017$c{dollar}3.50
=938  \\$aBaker & Taylor$bBKTY$c16.95$d.00$i0833531654$n0003423815$sactive
=938  \\$aYBP Library Services$bYANK$n953551
=994  \\$aC0$bEMMET

