=LDR  01295cam  2200373 a 4500
=001  90443
=005  20160612030747.0
=008  951108t19951995wiuab\\\\\\\\\000\1\eng\d
=010  \\$a   94068156 
=020  \\$a0786901896
=035  \\$a(WaOLN)   94068156
=035  \\$a(WaOLN)9737243
=035  \\$a(OCoLC)33387985
=040  \\$aCSbCL$cCSbCL$dO$dDLC$dUtOrBLW
=042  \\$alccopycat
=050  04$aPS3573.E3978$bD75 1995
=082  00$a813/.54$220
=100  1\$aWeis, Margaret.
=245  10$aDragons of summer flame /$cby Margaret Weis and Tracy Hickman ; poetry by Michael Williams ; art by Larry Elmore.
=260  \\$aLake Geneva, WI :$bTSR ;$a[New York] :$bDistributed by Random House,$c[1995], {copy}1995.
=300  \\$a552 pages :$billustrations ;$c24 cm.
=336  \\$atext$btxt$2rdacontent
=337  \\$aunmediated$bn$2rdamedia
=338  \\$avolume$bnc$2rdacarrier
=490  1\$aDragonlance chronicles ;$vv. 4
=526  \\$aAccelerated Reader$bUG$c5.5$d33$e33$z129628
=650  \0$aKrynn (Imaginary place)$vFiction.
=655  \7$aFantasy fiction.$2gsafd
=700  1\$aHickman, Tracy.
=700  1\$aWilliams, Michael,$d1952 December 17-
=700  1\$aElmore, Larry,$eillustrator.
=800  1\$aWeis, Margaret.$tDragonlance chronicles ;$vv. 4.
=914  \\$a318464
=984  \\$a0211$cWEIS

