=LDR  02003cam  2200493 a 4500
=001  94580
=005  20160612030950.0
=008  920103s1992\\\\nyu\\\\\\\\\\\000\1\eng\\
=010  \\$a   92000743 
=019  \\$a26347144$a731257532$a731438844
=020  \\$a0553085743
=020  \\$a9780553085747
=020  \\$z0553089072 (limited ed.)
=020  \\$z9780553089073 (limited ed.)
=035  \\$a(OCoLC)ocm25165094 
=035  \\$a(OCoLC)25165094$z(OCoLC)26347144$z(OCoLC)731257532$z(OCoLC)731438844
=040  \\$aDLC$beng$cDLC$dOCL$dBAKER$dXY4$dBTCTA$dYDXCP$dYVO$dZAD$dOCLCQ$dTXBXL$dOCLCO$dUtOrBLW
=049  \\$aZPPA
=050  00$aPS3576.A33$bD37 1992
=082  00$a813/.54$220
=100  1\$aZahn, Timothy.
=245  10$aDark force rising /$cTimothy Zahn.
=260  \\$aNew York :$bBantam Books,$c1992.
=300  \\$a376 pages ;$c24 cm.
=336  \\$atext$btxt$2rdacontent
=337  \\$aunmediated$bn$2rdamedia
=338  \\$avolume$bnc$2rdacarrier
=490  1\$aStar wars ;$vv. 2
=520  \\$aWith Luke trapped by the Dark Jedi, Han pursuing a missing battle fleet, and Princess Leia occupied with influencing an alien race heretofore loyal to Thrawn, the fate of the Republic is threatened. 250,000 first printing.
=526  \\$aAccelerated Reader$bUG$c6.3$d21$e21$z102827
=600  10$aOrgana, Leia$c(Fictitious character)$vFiction.
=600  10$aSkywalker, Luke$c(Fictitious character)$vFiction.
=600  10$aSolo, Han$c(Fictitious character)$vFiction.
=650  \0$aScience fiction$vFiction.
=655  \0$aStar wars fiction.
=655  \7$aScience fiction.$2gsafd
=655  \7$aScience fiction.$2lcgft
=800  1\$aZahn, Timothy.$tStar wars;$vv. 2.
=914  \\$a332148
=938  \\$aBaker & Taylor$bBKTY$c18.50$d13.88$i0553085743$n0002039032$sactive
=938  \\$aBaker & Taylor$bBKTY$c125.00$d125.00$i0553089072$n0002148089$sactive
=938  \\$aBaker and Taylor$bBTCP$n92000743$c{dollar}18.50 ({dollar}22.50 Can.)
=938  \\$aYBP Library Services$bYANK$n7889626
=994  \\$aC0$bZPP

