=LDR  00854cam  2200301 a 4500
=001  94582
=005  20160612030950.0
=008  910130s1991\\\\nyu\\\\\\\\\\\000\1\eng\\
=010  \\$a   91004550 
=019  \\$a26347202
=020  \\$a0553073273
=035  \\$a(OCoLC)ocm23139515
=040  \\$aDLC$cDLC$dUtOrBLW
=049  \\$aOEKA
=050  00$aPS3576.A33$bH45 1991
=082  00$a813/.54$220
=100  1\$aZahn, Timothy.
=245  10$aHeir to the empire /$cTimothy Zahn.
=260  \\$aNew York :$bBantam Books,$c1991.
=300  \\$a361 pages ;$c24 cm.
=336  \\$atext$btxt$2rdacontent
=337  \\$aunmediated$bn$2rdamedia
=338  \\$avolume$bnc$2rdacarrier
=490  1\$aStar wars ;$vv. 1
=526  \\$aAccelerated Reader$bUG$c6.1$d19$e19$z102830
=655  \7$aScience fiction.$2gsafd
=800  1\$aZahn, Timothy.$tStar wars;$vv. 1.
=914  \\$a332152

