=LDR  00765nam  22002898  4500
=001  95420
=005  20160611182138.0
=008  960409s1996\\\\nyu\\\\\\\\\\\000\1\eng\\
=010  \\$a   95034657 
=020  \\$a0553375636
=035  \\$a(WaOLN)   95034657
=035  \\$a(WaOLN)9873944
=040  \\$aDLC$cDLC$dUtOrBLW
=050  00$aPS3558.O33636$bR68 1996
=082  00$a813/.54$220
=100  1\$aHobb, Robin.
=245  10$aRoyal assassin /$cRobin Hobb.
=260  \\$aNew York :$bBantam Books,$c1996.
=263  \\$a9605
=300  \\$a581 pages ;$c23 cm.
=336  \\$atext$btxt$2rdacontent
=337  \\$aunmediated$bn$2rdamedia
=338  \\$avolume$bnc$2rdacarrier
=490  1\$aThe farseer
=800  1\$aHobb, Robin.$tFarseer.
=914  \\$a334995
=984  \\$a0213$cHobb

