=LDR  01505cam  2200385 a 4500
=001  96224
=005  20160611182226.0
=008  951113s1996\\\\nyu\\\\\\\\\\\000\1\eng\\
=010  \\$a   95047882 
=020  \\$a0345358619
=020  \\$a9780345358615
=035  \\$a(OCoLC)ocm33818303 
=035  \\$a(OCoLC)33818303
=040  \\$aDLC$beng$cDLC$dFIT$dYDXCP$dBTCTA$dYVO$dOCLCO$dUtOrBLW
=049  \\$aOEKA
=050  00$aPS3564.I9$bR56 1996
=082  00$a813/.54$220
=100  1\$aNiven, Larry.
=245  14$aThe Ringworld throne /$cLarry Niven.
=250  \\$a1st ed.
=260  \\$aNew York :$bBallantine Books,$c1996.
=300  \\$a424 pages ;$c25 cm
=336  \\$atext$btxt$2rdacontent
=337  \\$aunmediated$bn$2rdamedia
=338  \\$avolume$bnc$2rdacarrier
=500  \\$a"A Del Rey book."
=520  \\$aIn the 28th Century, a war breaks out on Ringworld, a conglomeration of nations and cultures occupying 600 million miles of space. The hero is Louis Wu, a 200-year-old human scientist attempting to mediate the conflict.
=650  \0$aRingworld (Imaginary place)$vFiction.
=650  \7$aScience fiction.$2gsafd
=655  \7$aScience fiction.$2gsafd
=856  42$3Contributor biographical information$uhttp://catdir.loc.gov/catdir/bios/random057/95047882.html
=856  41$3Sample text$uhttp://catdir.loc.gov/catdir/samples/random044/95047882.html
=856  42$3Publisher description$uhttp://catdir.loc.gov/catdir/description/random0412/95047882.html
=914  \\$a337638
=994  \\$aC0$bOEK

