=LDR  00953nam  22003258a 4500
=001  96662
=005  20160612031103.0
=008  960402s1996\\\\nyu\\\\\\\\\\\000\1\eng\\
=010  \\$a   95052875 
=020  \\$a0312861745
=035  \\$a(WaOLN)   95052875
=035  \\$a(WaOLN)10068256
=040  \\$aDLC$cDLC$dUtOrBLW
=050  00$aPS3569.H39253$bH54 1996
=082  00$a813/.54$220
=100  1\$aSheffield, Charles.
=245  10$aHigher education /$cCharles Sheffield & Jerry Pournelle.
=260  \\$aNew York :$bTor,$c1996.
=263  \\$a9606
=300  \\$apages ;$ccm.
=336  \\$atext$btxt$2rdacontent
=337  \\$aunmediated$bn$2rdamedia
=338  \\$avolume$bnc$2rdacarrier
=500  \\$a"A Tom Doherty Associates book."
=526  \\$aAccelerated Reader$bUG$c5.5$d11$e11$z76256
=655  \7$aScience fiction.$2gsafd
=700  1\$aPournelle, Jerry,$d1933-
=914  \\$a338772
=950  99$aSCI FIC SHEFFIE C
=984  \\$a0204$cSCI FIC SHEFFIE C

