=LDR  00836cam  2200277Ia 4500
=001  97562
=005  20160611182344.0
=008  961203t19961996nyu\\\\\\\\\\\000\1\eng\d
=020  \\$a0553575627 :$c{dollar}16.95
=035  \\$a(OCoLC)ocm36025058
=040  \\$aIHI$cIHI$dCOD$dUtOrBLW
=049  \\$aOEKA
=090  \\$aPS3576.A33$bC665 1996
=092  \\$aSF
=100  1\$aZahn, Timothy.
=245  10$aConquerors' legacy /$cTimothy Zahn.
=260  \\$aNew York :$bBantam Books,$c[1996], {copy}1996.
=300  \\$a396 pages ;$c22 cm
=336  \\$atext$btxt$2rdacontent
=337  \\$aunmediated$bn$2rdamedia
=338  \\$avolume$bnc$2rdacarrier
=500  \\$a"Spectra."
=500  \\$a"Breathtaking conclusion to the Conqueror's trilogy" -- Dust jacket.
=650  \0$aImaginary wars and battles$vFiction.
=655  \7$aScience fiction.$2gsafd
=914  \\$a341457

