=LDR  00899cam  22003138a 4500
=001  97568
=005  20170108014519.0
=008  960529s1996\\\\nyu\\\\\\\\\\\000\1\eng\\
=010  \\$a   96019034 
=020  \\$a0312890524
=035  \\$a(WaOLN)   96019034
=035  \\$a(WaOLN)10216318
=040  \\$aDLC$cDLC$dUtOrBLW
=050  00$aPS3557.O5826$bB57 1996
=082  00$a813/.54$220
=100  1\$aGoodkind, Terry.
=245  10$aBlood of the fold /$cTerry Goodkind.
=260  \\$aNew York :$bTor,$c1996.
=263  \\$a9610
=300  \\$a464 pages ;$c24 cm.
=336  \\$atext$btxt$2rdacontent
=337  \\$aunmediated$bn$2rdamedia
=338  \\$avolume$bnc$2rdacarrier
=490  1\$a[The Sword of truth ;$vbk. 3
=500  \\$a"A Tom Doherty Associates book."
=650  \0$aWizards$vFiction.
=655  \7$aFantasy fiction.$2gsafd
=800  1\$aGoodkind, Terry.$tSword of truth;$vbk. 3.
=914  \\$a341472

