=LDR  00840nam  22003018a 4500
=001  98044
=005  20160611182413.0
=008  960403s1996\\\\nyu\\\\\\\\\\\000\1\eng\\
=010  \\$a   96001408 
=020  \\$a0312856091
=035  \\$a(WaOLN)   96001408
=035  \\$a(WaOLN)10092119
=040  \\$aDLC$cDLC$dUtOrBLW
=050  00$aPS3553.A7892$bI54 1996
=082  00$a813/.54$220
=100  1\$aCarver, Jeffrey A.
=245  14$aThe infinite sea /$cby Jeffrey A. Carver.
=260  \\$aNew York :$bTor,$c1996.
=263  \\$a9608
=300  \\$a379 pages ;$c22 cm
=336  \\$atext$btxt$2rdacontent
=337  \\$aunmediated$bn$2rdamedia
=338  \\$avolume$bnc$2rdacarrier
=500  \\$a"A Tom Doherty Associates book."
=655  \7$aScience fiction.$2gsafd
=914  \\$a343102
=950  99$aSCI FIC CARVER J
=984  \\$a0204$cSCI FIC CARVER J

