=LDR  00824cam  2200289 a 4500
=001  98481
=005  20160611182439.0
=008  960418s1996\\\\nyub\\\\\\\\\\000\1\eng\\
=010  \\$a   96016216 
=020  \\$a031286227X (acid-free paper)
=035  \\$a(OCoLC)ocm34617846
=040  \\$aDLC$cDLC$dCLE$dUtOrBLW
=049  \\$aOEKA
=050  00$aPS3551.N73$bY66 1996
=082  00$a813/.54$220
=100  1\$aAnthony, Piers.
=245  10$aYon ill wind /$cPiers Anthony.
=250  \\$a1st ed.
=260  \\$aNew York :$bTor,$c1996.
=300  \\$a320 pages :$bmap ;$c24 cm
=336  \\$atext$btxt$2rdacontent
=337  \\$aunmediated$bn$2rdamedia
=338  \\$avolume$bnc$2rdacarrier
=500  \\$a"A Tom Doherty Associates book."
=650  \0$aXanth (Imaginary place)$vFiction.
=655  \7$aFantasy fiction.$2gsafd
=914  \\$a345572

