=LDR  00938cam  2200265 a 4500
=001  98523
=005  20160612031202.0
=008  850715t19851985wiuab\\\\\\\\\000\1\eng\d
=020  \\$a0394739752 (pbk.) :$c{dollar}3.50
=035  \\$a(WaOLN)wln85094619
=035  \\$a(WaOLN)3519250
=040  \\$aWaSKC$cWaSKC$dUtOrBLW
=100  1\$aWeis, Margaret.
=245  10$aDragons of winter night /$cby Margaret Weis and Tracy Hickman ; poetry by Michael Williams ; interior art by Denis Beauvais.
=260  \\$aLake Geneva, WI :$bTSR, inc.,$c[1985], {copy}1985.
=300  \\$a399 pages :$billustrations, map ;$c18 cm.
=336  \\$atext$btxt$2rdacontent
=337  \\$aunmediated$bn$2rdamedia
=338  \\$avolume$bnc$2rdacarrier
=490  1\$aDragonlance chronicles ;$vv. 2
=521  8\$a800L$bLexile
=526  \\$aAccelerated Reader$bUG$c5.8$d21$e21$z74896
=700  1\$aHickman, Tracy.
=800  1\$aWeis, Margaret.$tDragonlance chronicles ;$vv. 2.
=914  \\$a345713

