=LDR  00797nam  22002898a 4500
=001  98661
=005  20160611182449.0
=008  960504s1996\\\\nyu\\\\\\\\\\\000\1\eng\\
=010  \\$a   96008297 
=020  \\$a031285644X (acid-free paper)
=035  \\$a(WaOLN)   96008297
=035  \\$a(WaOLN)10197501
=040  \\$aDLC$cDLC$dUtOrBLW
=050  00$aPS3566.O36$bO8 1996
=082  00$a813/.54$220
=100  1\$aPohl, Frederik.
=245  14$aThe other end of time /$cby Frederik Pohl.
=250  \\$a1st ed.
=260  \\$aNew York :$bTor,$c1996.
=263  \\$a9610
=300  \\$apages ;$ccm.
=336  \\$atext$btxt$2rdacontent
=337  \\$aunmediated$bn$2rdamedia
=338  \\$avolume$bnc$2rdacarrier
=500  \\$a"A Tom Doherty Associates book."
=914  \\$a346124
=984  \\$a0204$cCONSULT LIBRARY

