=LDR  00938cam  2200325 a 4500
=001  98947
=005  20160611182506.0
=008  960718s1996\\\\nyu\\\\\\\\\\\000\1\eng\\
=010  \\$a   96027414 
=020  \\$a0345397606
=035  \\$a(OCoLC)ocm35145733
=040  \\$aDLC$cDLC$dOEK$dUtOrBLW
=049  \\$aOEKA
=050  00$aPS3573.E3978$bS45 1996
=082  00$a813/.54$220
=100  1\$aWeis, Margaret.
=245  10$aStarshield.$pSentinels /$cMargaret Weis, Tracy Hickman.
=246  30$aSentinels
=250  \\$a1st ed.
=260  \\$aNew York :$bBallantine Books,$c1996.
=300  \\$avi, 424 pages ;$c25 cm.
=336  \\$atext$btxt$2rdacontent
=337  \\$aunmediated$bn$2rdamedia
=338  \\$avolume$bnc$2rdacarrier
=490  1\$aStarshield ;$vbk. 1
=500  \\$a"A Del Rey book"--T.p. verso.
=655  \7$aScience fiction.$2gsafd
=700  1\$aHickman, Tracy.
=800  1\$aWeis, Margaret.$tStarshield;$vbk. 1.
=914  \\$a347137

