=LDR  00795cam  22002898a 4500
=001  99016
=005  20160611182510.0
=008  960805s1996\\\\nyu\\\\\\\\\\\000\1\eng\\
=010  \\$a   96007252 
=020  \\$a0446517283
=035  \\$a(WaOLN)   96007252
=035  \\$a(WaOLN)10127377
=040  \\$aDLC$cDLC$dUtOrBLW
=050  00$aPS3569.A462345$bD73 1996
=082  00$a813/.54$220
=100  1\$aSalvatore, R. A.,$d1959-
=245  14$aThe dragon king /$cR.A. Salvatore.
=260  \\$aNew York :$bWarner Books,$c1996.
=263  \\$a9611
=300  \\$apages ;$ccm.
=336  \\$atext$btxt$2rdacontent
=337  \\$aunmediated$bn$2rdamedia
=338  \\$avolume$bnc$2rdacarrier
=655  \7$aFantasy fiction.$2gsafd
=914  \\$a347326
=950  99$aFICTION SALVATO R
=984  \\$a0204$cCONSULT LIBRARY

