=LDR  00744nam  22002778a 4500
=001  99418
=005  20160611182534.0
=008  960504s1996\\\\nyu\\\\\\\\\\\000\1\eng\\
=010  \\$a   96017283 
=020  \\$a0380973022 (hardcover)
=035  \\$a(WaOLN)   96017283
=035  \\$a(WaOLN)10198046
=040  \\$aDLC$cDLC$dUtOrBLW
=050  00$aPS3552.O84$bM66 1996
=082  00$a813/.54$220
=100  1\$aBova, Ben,$d1932-
=245  10$aMoonrise /$cBen Bova.
=260  \\$aNew York :$bAvon Books,$c1996.
=263  \\$a9612
=300  \\$a417 pages ;$c25 cm
=336  \\$atext$btxt$2rdacontent
=337  \\$aunmediated$bn$2rdamedia
=338  \\$avolume$bnc$2rdacarrier
=914  \\$a348659
=950  99$aSCI FIC BOVA B
=984  \\$a0204$cCONSULT LIBRARY

