=LDR  01349nam  22003138a 4500
=001  99419
=005  20160612031230.0
=008  960603s1996\\\\nyu\\\\\\\\\\\000\1\eng\\
=010  \\$a   96020481 
=020  \\$a0380973804
=020  \\$a0380789590 :$c{dollar}5.99
=020  \\$a9780380789597
=035  \\$a(WaOLN)   96020481
=035  \\$a(WaOLN)10220808
=040  \\$aDLC$cDLC$dUtOrBLW
=082  00$a813/.54$220
=100  1\$aBradbury, Ray,$d1920-2012.
=245  10$aQuicker than the eye /$cRay Bradbury.
=250  \\$a1st ed.
=260  \\$aNew York :$bAvon Books,$c1996.
=300  \\$apages ;$ccm.
=336  \\$atext$btxt$2rdacontent
=337  \\$aunmediated$bn$2rdamedia
=338  \\$avolume$bnc$2rdacarrier
=505  0\$aUnterderseaboat doktor -- Zaharoff/Richter Mark V -- Remember Sascha? -- Another fine mess -- The electrocution -- Hopscotch -- The Finnegan -- That woman on the lawn -- The very gentle murders -- Quicker than the eye -- Dorian in Excelsus -- No news, or what killed the dog? -- The witch door -- The ghost in the machine -- At the end of the ninth year -- Bug -- Once more, Legato -- Exchange -- Free dirt -- Last rites -- The other highway -- Make haste to live: an afterword.
=526  \\$aAccelerated Reader$bUG$c4.5$d9$e9$z63681
=650  \0$aScience fiction, American.
=655  \7$aScience fiction.$2gsafd
=914  \\$a348660

