=LDR  01021cam  2200337 a 4500
=001  100912
=005  20160612031320.0
=008  961107t19971997nyub\\\\\\\\\\000\1\eng\\
=010  \\$a   96044206 
=020  \\$a0345388216
=035  \\$a(WaOLN)   96044206
=035  \\$a(WaOLN)10455613
=040  \\$aDLC$cDLC$dWaV$dUtOrBLW
=050  00$aPS3563.A255$bD77 1997
=082  00$a813/.54$220
=100  1\$aMcCaffrey, Anne.
=245  10$aDragonseye /$cAnne McCaffrey.
=250  \\$a1st ed.
=260  \\$aNew York :$bBallantine Books,$c[1997], {copy}1997.
=300  \\$axii, 353 pages :$bmap ;$c24 cm
=336  \\$atext$btxt$2rdacontent
=337  \\$aunmediated$bn$2rdamedia
=338  \\$avolume$bnc$2rdacarrier
=500  \\$a"A Del Rey book."
=500  \\$aFormerly called Red Star rising.
=521  8\$a980L$bLexile
=526  \\$aAccelerated Reader$bUG$c7.0$d17$e17$z57908
=650  \0$aPern (Imaginary place)$vFiction.
=740  0\$aRed Star rising.
=800  1\$aMcCaffrey, Anne.$tDragonriders of Pern;$v17.
=914  \\$a353983

