=LDR  01196cam  22003378a 4500
=001  101395
=005  20160611182733.0
=008  960816s1996\\\\nyu\\\\\\\\\\\000\1\eng\\
=010  \\$a   96032346 
=020  \\$a0553101730 (hc)
=035  \\$a(WaOLN)   96032346
=035  \\$a(WaOLN)10314094
=040  \\$aDLC$cDLC$dUtOrBLW
=050  00$aPS3552.R4825$bI54 1996
=082  00$a813/.54$220
=100  1\$aBrin, David.
=245  10$aInfinity's shore :$bbook two of a new uplift trilogy /$cDavid Brin.
=260  \\$aNew York :$bBantam Books,$c1996.
=263  \\$a9612
=300  \\$apages ;$ccm.
=336  \\$atext$btxt$2rdacontent
=337  \\$aunmediated$bn$2rdamedia
=338  \\$avolume$bnc$2rdacarrier
=490  1\$aA Bantam spectra book
=520  0\$aAn alliance between the formerly warring enemy races of Jijo is tested by the arrival of starship technology, and various grudges and criminal acts threaten one of the planet's races with genocide.  
=650  \0$aLife on other planets$vFiction.
=655  \7$aScience fiction.$2gsafd
=800  1\$aBrin, David.$tUplift saga ;$v5.
=800  1\$aBrin, David.$tUplift storm trilogy;$vbook 2.
=830  \0$aBantam spectra book.
=914  \\$a355877

