=LDR  01125cam  2200337 a 4500
=001  102400
=005  20160611182831.0
=008  \\\\\\t19961996nyu\\\\\\\\\\\000\1\eng\d
=010  \\$a   96194020 
=020  \\$a0886777054 :$c{dollar}21.95 ({dollar}27.99 Can.)
=035  \\$a(WaOLN)   96194020
=035  \\$a(WaOLN)10205589
=035  \\$a(OCoLC)34714712
=035  \\$a(XX-XxUND) *92* fantasy/BJJ
=040  \\$aTM$cTM$dO$dDLC$dUtOrBLW
=042  \\$alccopycat
=050  00$aPS3552.R228$bE95 1996
=082  00$a813/.54$221
=100  1\$aBradley, Marion Zimmer.
=245  10$aExile's song :$ba novel of Darkover /$cMarion Zimmer Bradley.
=260  \\$aNew York, NY :$bDAW Books :$bDistributed by Penguin USA,$c[1996], {copy}1996.
=300  \\$a435 pages ;$c24 cm.
=336  \\$atext$btxt$2rdacontent
=337  \\$aunmediated$bn$2rdamedia
=338  \\$avolume$bnc$2rdacarrier
=490  1\$aDAW book collectors;$vno. 1024
=650  \0$aDarkover (Imaginary place)$vFiction.
=650  \0$aLife on other planets$vFiction.
=800  1\$aBradley, Marion Zimmer.$tDarkover novel ;$v20.
=830  \0$aDAW book collectors ;$vno. 1024.
=914  \\$a359409

