=LDR  01303cam  2200349 a 4500
=001  103059
=005  20160611182910.0
=008  961219s1997\\\\nyub\\\\\\\\\\000\1\eng\\
=010  \\$a   96053954 
=020  \\$a0312863403
=020  \\$a9780312863401
=035  \\$a(OCoLC)ocm36165181
=040  \\$aDLC$cDLC$dSVP$dC#P$dOEK$dUtOrBLW
=049  \\$aOEKA
=050  00$aPS3551.N73$bH6 1997
=082  00$a813/.54$221
=100  1\$aAnthony, Piers.
=245  10$aHope of earth /$cPiers Anthony.
=250  \\$a1st ed.
=260  \\$aNew York :$bTor,$c1997.
=300  \\$a416 pages :$bmaps ;$c25 cm.
=336  \\$atext$btxt$2rdacontent
=337  \\$aunmediated$bn$2rdamedia
=338  \\$avolume$bnc$2rdacarrier
=490  1\$aGeodyssey ;$vv. 3
=500  \\$a"A Tom Doherty Associates book."
=520  0\$aA collection of chapters set in different historical periods, but featuring the same protagonists. Twenty chapters in all, beginning with prehistory and ending in the future. The characters and the action represent the evolution of mankind, the novel attempting to answer the question, what does it mean to be human?
=650  \0$aPrehistoric peoples$vFiction.
=655  \7$aFantasy fiction.$2gsafd
=655  \7$aEpic literature.$2gsafd
=800  1\$aAnthony, Piers.$tGeodyssey;$vv. 3.
=914  \\$a361729

