=LDR  00957cam  22003258a 4500
=001  103087
=005  20160612031437.0
=008  970103s1997\\\\nyu\\\\\\\\\\\000\1\eng\\
=010  \\$a   96049490 
=020  \\$a0345315227
=035  \\$a(WaOLN)   96049490
=035  \\$a(WaOLN)10626458
=040  \\$aDLC$cDLC$dUtOrBLW
=050  00$aPR6005.L36$bA618 1997
=082  00$a823/.914$221
=100  1\$aClarke, Arthur C.$q(Arthur Charles),$d1917-2008.
=245  10$a3001 :$bthe final odyssey /$cArthur C. Clarke.
=246  3\$aThree thousand and one
=246  3\$aThree thousand one
=246  30$aFinal odyssey
=260  \\$aNew York :$bBallantine Books,$c1997.
=263  \\$a9703
=300  \\$a263 pages ;$c25 cm
=336  \\$atext$btxt$2rdacontent
=337  \\$aunmediated$bn$2rdamedia
=338  \\$avolume$bnc$2rdacarrier
=521  8\$a1100L$bLexile
=526  \\$aAccelerated Reader$bUG$c8.3$d9$e9$z34786
=914  \\$a361802
=984  \\$a0204$cCONSULT LIBRARY

