=LDR  00818nam  22002898a 4500
=001  103475
=005  20160611182934.0
=008  970103s1997\\\\nyu\\\\\\\\\\\000\1\eng\\
=010  \\$a   96032450 
=020  \\$a0312860366 (hardcover : acid-free paper)
=035  \\$a(WaOLN)   96032450
=035  \\$a(WaOLN)10314142
=040  \\$aDLC$cDLC$dUtOrBLW
=050  00$aPS3551.N378$bF57 1997
=082  00$a813/.54$220
=100  1\$aAnderson, Poul,$d1926-2001.
=245  14$aThe fleet of stars /$cPoul Anderson.
=250  \\$a1st ed.
=260  \\$aNew York :$bTOR,$c1997.
=263  \\$a9703
=300  \\$apages ;$ccm.
=336  \\$atext$btxt$2rdacontent
=337  \\$aunmediated$bn$2rdamedia
=338  \\$avolume$bnc$2rdacarrier
=500  \\$a"A Tom Doherty Associates book."
=914  \\$a362799
=984  \\$a0204$cCONSULT LIBRARY

