=LDR  02040cam  2200481 a 4500
=001  106325
=005  20170108014520.0
=008  951026s1996\\\\nyub\\\\\\\\\\000\1\eng\\
=010  \\$a   95039439 
=020  \\$a0312857675
=020  \\$a9780312857677
=035  \\$a(OCoLC)ocm33819178 
=035  \\$a(OCoLC)33819178$z(OCoLC)798225095
=040  \\$aDLC$beng$cDLC$dFIT$dBAKER$dYDXCP$dBTCTA$dIXA$dO2H$dBDX$dCNAHP$dOCLCO$dUtOrBLW
=049  \\$aZPPA
=050  00$aPS3560.O7617$bC76 1996
=082  00$a813/.54$220
=100  1\$aJordan, Robert,$d1948-2007.
=245  12$aA crown of swords /$cRobert Jordan.
=250  \\$a1st ed.
=260  \\$aNew York :$bTOR,$c1996.
=300  \\$a684 pages :$bmaps (some color) ;$c25 cm.
=336  \\$atext$btxt$2rdacontent
=337  \\$aunmediated$bn$2rdamedia
=338  \\$avolume$bnc$2rdacarrier
=490  1\$aThe Wheel of time ;$vbk. 7
=500  \\$a"A Tom Doherty Associates book."
=520  \\$aA fantasy tale in a world where only women are allowed to practice magic. What's more, they will fight to preserve this feminine monopoly. When shepherd Rand al'Thor discovers he has the gift of magic, he is in for trouble. By the author of Lord of Chaos.
=650  \0$aRand al'Thor (Fictitious character)$vFiction.
=650  \7$aFantasy.$2gsafd
=655  \7$aFantasy fiction.$2gsafd
=655  \7$aFantasy fiction.$2lcgft
=800  1\$aJordan, Robert,$d1948-2007.$tWheel of time ;$vbk. 7.
=856  42$3Publisher description$uhttp://catdir.loc.gov/catdir/description/hol055/95039439.html
=856  42$3Contributor biographical information$uhttp://catdir.loc.gov/catdir/enhancements/fy0733/95039439-b.html
=856  41$3Sample text$uhttp://catdir.loc.gov/catdir/enhancements/fy1208/95039439-s.html
=914  \\$a400460
=994  \\$aC0$bZPP
=019  \\$a798225095
=938  \\$aBaker & Taylor$bBKTY$c29.95$d22.46$i0312857675$n0002736162$sactive
=938  \\$aYBP Library Services$bYANK$n193096
=938  \\$aBaker and Taylor$bBTCP$n95039439
=938  \\$aBrodart$bBROD$n48785997$c{dollar}29.95

