=LDR  00639nam  2200229 a 4500
=001  106778
=005  20160611183244.0
=008  951010s1995\\\\nyu\\\\\\\\\\\000\1\eng\d
=020  \\$a0553567721 :$c{dollar}5.99
=035  \\$a(WaOLN)wln95175887
=035  \\$a(WaOLN)9887829
=040  \\$aWaBr$cWaBr$dUtOrBLW
=100  1\$aZahn, Timothy.
=245  10$aConquerors' heritage /$cTimothy Zahn.
=260  \\$aNew York :$bBantam Books,$c1995.
=300  \\$a360 pages ;$c18 cm
=336  \\$atext$btxt$2rdacontent
=337  \\$aunmediated$bn$2rdamedia
=338  \\$avolume$bnc$2rdacarrier
=500  \\$a"Spectra."
=914  \\$a403472
=984  \\$a0204$cCONSULT LIBRARY

