=LDR  00946cam  2200313ra 4500
=001  107756
=005  20160611183341.0
=008  970203t19961995nyub\\\\\\\\\\000\1\eng\d
=020  \\$a0812548094 (pbk.)
=035  \\$a(WaOLN)wln97024969
=035  \\$a(WaOLN)10307200
=040  \\$aWaWCL$cWaWCL$dUtOrBLW
=082  00$a813/.54$220
=100  1\$aGoodkind, Terry.
=245  10$aStone of tears /$cTerry Goodkind.
=250  \\$a1st mass market ed.
=260  \\$aNew York :$bTOR,$c1996, {copy}1995.
=300  \\$a982 pages :$bmap ;$c18 cm.
=336  \\$atext$btxt$2rdacontent
=337  \\$aunmediated$bn$2rdamedia
=338  \\$avolume$bnc$2rdacarrier
=490  1\$a[The Sword of truth ;$vbk. 2]
=500  \\$a"A Tom Doherty Associates book."
=500  \\$aSeries statement from cover.
=650  \0$aWizards$vFiction.
=655  \7$aFantasy fiction.$2gsafd
=800  1\$aGoodkind, Terry.$tSword of truth;$vbk. 2.
=914  \\$a406439
=984  \\$a0213$cGoodkind

