=LDR  01644cam  2200409 a 4500
=001  107920
=005  20160612031718.0
=008  961119s1997\\\\nyub\\\\\\\\\\000\1\eng\\
=010  \\$a   96051175 
=020  \\$a0670857831 (alk. paper)
=029  1\$aNLGGC$b154286249
=035  \\$a(OCoLC)ocm36008595 
=040  \\$aDLC$cDLC$dFIT$dOCLCQ$dBAKER$dUtOrBLW
=043  \\$ae-uk---
=049  \\$aOEKA
=050  00$aPS3552.R228$bL27 1997
=082  00$a813/.54$221
=100  1\$aBradley, Marion Zimmer.
=245  10$aLady of Avalon /$cMarion Zimmer Bradley.
=260  \\$aNew York, N.Y., U.S.A. :$bViking,$c1997.
=300  \\$axiv, 460 pages :$bmap ;$c24 cm
=336  \\$atext$btxt$2rdacontent
=337  \\$aunmediated$bn$2rdamedia
=338  \\$avolume$bnc$2rdacarrier
=520  \\$aA multi-generation story of three priestesses in legendary Britain. Caillean veils the land in everlasting mist to protect it from enemies, Teleri tries to save it by marriage to a Roman general, and Viviane must safeguard the Grail in preparation for the king to come. Adventure, magic, romance.
=521  8\$a1100L$bLexile
=526  \\$aAccelerated Reader$bUG$c7.0$d27$e27$z56905
=650  \0$aLady of the Lake (Legendary character)$vFiction.
=650  \0$aAvalon (Legendary place)$vFiction.
=650  \0$aRomans$zGreat Britain$vFiction.
=650  \0$aArthurian romances$vAdaptations.
=650  \0$aBritons$vFiction.
=651  \0$aGreat Britain$xHistory$yRoman period, 55 B.C.-449 A.D.$vFiction.
=655  \7$aHistorical fiction.$2gsafd
=655  \7$aFantasy fiction.$2gsafd
=800  1\$aBradley, Marion Zimmer.$tAvalon series ;$v5.
=914  \\$a407015

