=LDR  00722nam  22002658a 4500
=001  107995
=005  20160611183355.0
=008  960815s1997\\\\nyu\\\\\\\\\\\000\1\eng\\
=010  \\$a   96033222 
=020  \\$a0380974789 (hardcover)
=035  \\$a(WaOLN)   96033222
=035  \\$a(WaOLN)10328643
=040  \\$aDLC$cDLC$dUtOrBLW
=050  00$aPS3570.E673$bF36 1997
=082  00$a813/.54$220
=100  1\$aTepper, Sheri S.
=245  14$aThe family tree /$cSheri S. Tepper.
=260  \\$aNew York :$bAvon Books,$c1997.
=263  \\$a9705
=300  \\$apages ;$ccm.
=336  \\$atext$btxt$2rdacontent
=337  \\$aunmediated$bn$2rdamedia
=338  \\$avolume$bnc$2rdacarrier
=914  \\$a407253
=984  \\$a0204$cCONSULT LIBRARY

