=LDR  00744nam  22002778a 4500
=001  109549
=005  20160611183526.0
=008  970521s1997\\\\nyu\\\\\\\\\\\000\1\eng\\
=010  \\$a   96053693 
=020  \\$a0312863365
=035  \\$a(WaOLN)   96053693
=035  \\$a(WaOLN)10704859
=040  \\$aDLC$cDLC$dUtOrBLW
=050  00$aPS3557.L65$bD39 1997
=082  00$a813/.54$221
=100  1\$aGloss, Molly.
=245  14$aThe dazzle of day /$cMolly Gloss.
=250  \\$a1st ed.
=260  \\$aNew York :$bTor/Tom Doherty Associates,$c1997.
=263  \\$a9706
=300  \\$apages ;$ccm.
=336  \\$atext$btxt$2rdacontent
=337  \\$aunmediated$bn$2rdamedia
=338  \\$avolume$bnc$2rdacarrier
=914  \\$a412160
=984  \\$a0204$cCONSULT LIBRARY

