=LDR  00927cam  22003258a 4500
=001  110885
=005  20160612031858.0
=008  970416s1997\\\\nyu\\\\\\\\\\\000\1\eng\\
=010  \\$a   97019362 
=020  \\$a0312861621 (acid-free)
=020  \\$a0812555112 (pbk)
=035  \\$a(OCoLC)ocm36776536
=040  \\$aDLC$cDLC$dOEK$dUtOrBLW
=049  \\$aOEKA
=050  00$aPS3551.N73$bF38 1997
=082  00$a813/.54$221
=100  1\$aAnthony, Piers.
=245  10$aFaun and games /$cPiers Anthony.
=250  \\$a1st ed.
=260  \\$aNew York :$bTOR,$c1997.
=263  \\$a9710
=300  \\$a320 pages ;$c25 cm
=336  \\$atext$btxt$2rdacontent
=337  \\$aunmediated$bn$2rdamedia
=338  \\$avolume$bnc$2rdacarrier
=500  \\$a"A Tom Doherty Associates book."
=526  \\$aAccelerated Reader$bUG$c4.9$d15$e15$z32830
=650  \0$aXanth (Imaginary place)$vFiction.
=655  \7$aFantasy fiction.$2gsafd
=914  \\$a416704

