=LDR  01091cam  2200337Ia 4500
=001  111883
=005  20160612031930.0
=008  970820t19971997nyu\\\\d\\\\\\000\1\eng\d
=020  \\$a0553574167 (pbk.) :$c{dollar}5.99
=035  \\$a(OCoLC)ocm37502731
=040  \\$aIHI$cIHI$dUtOrBLW
=049  \\$aOEKA
=100  1\$aCrispin, A. C.
=245  14$aThe Hutt gambit /$cA. C. Crispin.
=260  \\$aNew York :$bBantam Books,$c[1997], {copy}1997.
=300  \\$aviii, 340 pages ;$c17 cm.
=336  \\$atext$btxt$2rdacontent
=337  \\$aunmediated$bn$2rdamedia
=338  \\$avolume$bnc$2rdacarrier
=490  1\$aHan Solo trilogy ;$vbook 2
=490  1\$aStar wars
=500  \\$a"A Bantam Spectra book"--t.p. verso.
=526  \\$aAccelerated Reader$bUG$c6.3$d16$e16$z66232
=600  10$aSolo, Han$c(Fictitious character)$vFiction.
=650  \0$aImaginary wars and battles$vJuvenile fiction.
=650  \0$aCriminals$vFiction.
=650  \0$aSmuggling$vJuvenile fiction.
=655  \7$aScience fiction.$2gsafd
=800  1\$aCrispin, A. C.$tHan Solo trilogy;$vbook 2.
=830  \0$aStar wars.
=914  \\$a419918

