=LDR  00883cam  22003018a 4500
=001  112222
=005  20160612031940.0
=008  970422s1997\\\\nyu\\\\\\\\\\\000\1\eng\\
=010  \\$a   97016926 
=020  \\$a0312862415
=035  \\$a(OCoLC)ocm36876061
=040  \\$aDLC$cDLC$dSVP$dOEK$dUtOrBLW
=049  \\$aOEKA
=050  00$aPS3569.H39253$bP87 1997
=082  00$a813/.54$221
=100  1\$aSheffield, Charles.
=245  10$aPutting up roots :$ba Jupiter novel /$cCharles Sheffield.
=260  \\$aNew York :$bTor,$c1997.
=263  \\$a9709
=300  \\$a255 pages ;$c22 cm
=336  \\$atext$btxt$2rdacontent
=337  \\$aunmediated$bn$2rdamedia
=338  \\$avolume$bnc$2rdacarrier
=526  \\$aAccelerated Reader$bUG$c5.2$d12$e12$z75350
=650  \0$aBildungsromans.
=650  \0$aBildungsromans$xHistory and criticism.
=655  \7$aScience fiction.$2gsafd
=914  \\$a420994

