=LDR  00795nam  22002778a 4500
=001  112273
=005  20160611183803.0
=008  970428s1997\\\\nyu\\\\\\\\\\\000\1\eng\\
=010  \\$a   97015567 
=020  \\$a0312863756
=035  \\$a(OCoLC)ocm36842392
=040  \\$aDLC$cDLC$dOEK$dUtOrBLW
=049  \\$aOEKA
=050  00$aPS3566.O36$bS52 1997
=082  00$a813/.54$221
=100  1\$aPohl, Frederik.
=245  14$aThe siege of eternity :$bthe sequel to The other end of time /$cFrederik Pohl.
=260  \\$aNew York :$bTOR Books,$c1997.
=263  \\$a9711
=300  \\$apages ;$ccm.
=336  \\$atext$btxt$2rdacontent
=337  \\$aunmediated$bn$2rdamedia
=338  \\$avolume$bnc$2rdacarrier
=500  \\$a"A Tom Doherty Associates book."
=655  \7$aScience fiction.$2gsafd
=914  \\$a421124

