=LDR  01344cam  2200289 a 4500
=001  113291
=005  20160611183902.0
=008  970529t19971997nyu\\\\\\\\\\\000\1\eng\\
=010  \\$a   97004378 
=020  \\$a0380973812
=035  \\$a(OCoLC)ocm37031086
=040  \\$aDLC$cDLC$dCBL$dCLE$dUUC$dOEK$dUtOrBLW
=043  \\$an-us---
=049  \\$aOEKA
=050  00$aPS3503.R167$bD75 1997
=082  00$a813/.54$221
=100  1\$aBradbury, Ray,$d1920-2012.
=245  10$aDriving blind /$cRay Bradbury.
=250  \\$a1st ed.
=260  \\$aNew York :$bAvon Books,$c[1997], {copy}1997.
=300  \\$a261 pages ;$c22 cm
=336  \\$atext$btxt$2rdacontent
=337  \\$aunmediated$bn$2rdamedia
=338  \\$avolume$bnc$2rdacarrier
=505  0\$aNight train to Babylon -- If MGM is killed, who gets the lion? -- Hello, I must be going -- House divided -- Grand theft -- Remember me? -- Fee fie foe fum -- Driving blind -- I wonder what's become of Sally -- Nothing changes -- That old dog lying in the dust -- Someone in the rain -- Madame ET Monsieur Shill -- Mirror -- End of summer -- Thunder in the morning -- Highest branch on the tree -- Woman is a fast-moving picnic -- Virgin resusitas -- Mr. Pale -- That bird that comes out of the clock -- Brief afterword.
=651  \0$aUnited States$xSocial life and customs$y20th century$vFiction.
=914  \\$a424553

