=LDR  01373cam  2200421Ma 4500
=001  113630
=005  20160611183923.0
=008  970825s1997\\\\nyu\\\\\\\\\\\000\1\eng\d
=010  \\$a   97036719 
=020  \\$a0553298046 (pbk.)
=020  \\$a9780553298048 (pbk.)
=020  \\$a0553095420
=020  \\$a9780553095425
=035  \\$a(OCoLC)ocn319891136
=035  \\$a(OCoLC)319891136
=040  \\$aOTP$cOTP$dBGCBL$dUtOrBLW
=049  \\$aOEKA
=050  00$aPS3576.A33$bS65 1997
=082  00$a813/.54$221
=100  1\$aZahn, Timothy.
=245  10$aStar Wars :$bspecter of the past /$cTimothy Zahn.
=246  30$aSpecter of the past.
=260  \\$aNew York :$bBantam Books,$c1997.
=300  \\$a344 pages ;$c24 cm.
=336  \\$atext$btxt$2rdacontent
=337  \\$aunmediated$bn$2rdamedia
=338  \\$avolume$bnc$2rdacarrier
=490  1\$aStar wars
=490  1\$aBantam spectra book
=490  1\$aHand of Thrawn ;$vbk. 1
=520  8\$aLuke Skywalker, Princess Leia, and Han Solo must battle to safeguard the fledging New Republic from a dead Imperial warlord and from itself.
=600  10$aSkywalker, Luke$c(Fictitious character)$vFiction.
=600  10$aOrgana, Leia$c(Fictitious character)$vFiction.
=830  \0$aStar wars.
=830  \0$aBantam spectra book.
=830  \0$aZahn, Timothy. ;$vbk. 1.$tHand of Thrawn.
=914  \\$a425553
=994  \\$aC0$bOEK

