=LDR  01041cam  22003498a 4500
=001  114298
=005  20160612032052.0
=008  970728s1998\\\\nyu\\\\\\\\\\\000\1\eng\\
=010  \\$a   97030896 
=020  \\$a0345388232 (alk. paper)
=035  \\$a(OCoLC)ocm37443403
=040  \\$aDLC$cDLC$dOEK$dUtOrBLW
=049  \\$aOEKA
=050  00$aPS3563.A255$bM35 1998
=082  00$a813/.54$221
=100  1\$aMcCaffrey, Anne.
=245  14$aThe masterharper of Pern /$cAnne McCaffrey.
=250  \\$a1st ed.
=260  \\$aNew York :$bBallantine Books,$c1998.
=263  \\$a9801
=300  \\$a431 pages ;$c25 cm
=336  \\$atext$btxt$2rdacontent
=337  \\$aunmediated$bn$2rdamedia
=338  \\$avolume$bnc$2rdacarrier
=500  \\$a"A Del Rey book"--T.p. verso.
=521  8\$a980L$bLexile
=526  \\$aAccelerated Reader$bUG$c6.7$d23$e23$z59260
=650  \0$aPern (Imaginary place)$vFiction.
=650  \0$aDragons$vFiction.
=655  \7$aScience fiction.$2gsafd
=800  1\$aMcCaffrey, Anne.$tDragonriders of Pern;$v18.
=914  \\$a427805

