=LDR  00967cam  22003378a 4500
=001  114299
=005  20160611184002.0
=008  970801s1998\\\\nyu\\\\\\b\\\\000\1\eng\\
=010  \\$a   97029854 
=020  \\$a0312864655
=035  \\$a(OCoLC)ocm37437488
=040  \\$aDLC$cDLC$dOCL$dOEK$dUtOrBLW
=049  \\$aOEKA
=050  00$aPS3551.N73$bS59 1998
=082  00$a813/.54$221
=100  1\$aAnthony, Piers.
=245  10$aSpider legs /$cPiers Anthony & Clifford A. Pickover.
=250  \\$a1st ed.
=260  \\$aNew York :$bTor,$c1998.
=263  \\$a9801
=300  \\$apages ;$ccm.
=336  \\$atext$btxt$2rdacontent
=337  \\$aunmediated$bn$2rdamedia
=338  \\$avolume$bnc$2rdacarrier
=500  \\$a"A Tom Doherty Associates book."
=504  \\$aIncludes bibliographical references (p. ).
=650  \0$aMarine pollution$vFiction.
=650  \0$aMonsters$vFiction.
=655  \7$aScience fiction.$2gsafd
=700  1\$aPickover, Clifford A.
=914  \\$a427806

