=LDR  01136cam  22003738a 4500
=001  115153
=005  20160612032121.0
=008  970606s1998\\\\nyu\\\\\\\\\\\000\1\eng\\
=010  \\$a   97023284 
=020  \\$a0151002991
=035  \\$a(OCoLC)ocm37107094
=040  \\$aDLC$cDLC$dOEK$dUtOrBLW
=049  \\$aOEKA
=050  00$aPS3552.A4313$bI5 1998
=082  00$a813/.54$221
=100  1\$aBaker, Kage.
=245  10$aIn the garden of Iden :$ba novel of the Company /$cKage Baker.
=250  \\$a1st U.S. ed.
=260  \\$aNew York :$bHarcourt Brace,$c1998.
=300  \\$a329 pages ;$c22 cm.
=336  \\$atext$btxt$2rdacontent
=337  \\$aunmediated$bn$2rdamedia
=338  \\$avolume$bnc$2rdacarrier
=490  1\$aThe Company
=521  8\$a720L$bLexile
=526  \\$aAccelerated Reader$bUG$c5.5$d15$e15$z51778
=650  \0$aDr. Zeus Incorporated (Imaginary organization)$vFiction.
=650  \0$aTime travel$vFiction.
=650  \0$aFantasy fiction.
=650  \0$aMendoza (Fictitious character)$vFiction.
=650  \0$aImmortalism$vFiction.
=800  1\$aBaker, Kage.$tThe Company ;$v1.
=830  \0$aCompany.
=914  \\$a430449

