=LDR  01498cam  2200397 a 4500
=001  115576
=005  20160611184117.0
=008  970422s1997\\\\nyuab\\\\\\\\\001\0\eng\\
=010  \\$a   97013271 
=020  \\$a0312862199 (acid-free paper)
=035  \\$a(OCoLC)ocm36841307
=040  \\$aDLC$cDLC$dH{dollar}Y$dUtOrBLW
=043  \\$an-us---
=049  \\$aH{dollar}YA
=050  00$aPS3560.O7617$bW6 1997
=082  00$a813/.54$221
=100  1\$aJordan, Robert,$d1948-2007.
=245  14$aThe world of Robert Jordan's The wheel of time /$cRobert Jordan & Teresa Patterson ; [interior illustrations by Todd Cameron Hamilton ; maps and ornaments by Ellisa Mitchell and John M. Ford ; maps by Thomas Canty].
=246  30$aWheel of time
=250  \\$a1st ed.
=260  \\$aNew York :$bTor,$c1997.
=300  \\$a304 pages :$billustrations (some color), maps (some color) ;$c29 cm
=336  \\$atext$btxt$2rdacontent
=337  \\$aunmediated$bn$2rdamedia
=338  \\$avolume$bnc$2rdacarrier
=500  \\$a"A Tom Doherty Associates book."
=500  \\$aIncludes index.
=600  10$aJordan, Robert,$d1948-2007.$tWheel of time$vHandbooks, manuals, etc.
=600  10$aJordan, Robert,$d1948-2007.$tWheel of time$vIllustrations.
=650  \0$aFantasy fiction, American$vHandbooks, manuals, etc.
=650  \0$aFantasy fiction, American$vIllustrations.
=650  \0$aRand al'Thor (Fictitious character)
=700  1\$aPatterson, Teresa.
=700  1\$aHamilton, Todd Cameron.
=914  \\$a431894
=994  \\$a02$bH{dollar}Y

