=LDR  00777cam  22002778a 4500
=001  115915
=005  20160612032149.0
=008  970814t19981998nyu\\\\\\\\\\\000\1\eng\\
=010  \\$a   97037627 
=020  \\$a0060176555
=035  \\$a(OCoLC)   97037627
=035  \\$a(WaOLN)11085843
=040  \\$aDLC$cDLC$dUtOrBLW
=050  00$aPS3553.A655$bH66 1998
=082  00$a813/.54$221
=100  1\$aCard, Orson Scott.
=245  10$aHomebody :$ba novel /$cby Orson Scott Card.
=250  \\$a1st ed.
=260  \\$aNew York :$bHarperCollins,$c[1998], {copy}1998.
=263  \\$a9803
=300  \\$apages ;$ccm.
=336  \\$atext$btxt$2rdacontent
=337  \\$aunmediated$bn$2rdamedia
=338  \\$avolume$bnc$2rdacarrier
=526  \\$aAccelerated Reader$bUG$c5.0$d16$e16$z78187
=914  \\$a433186

