=LDR  00927pam  2200301 a 4500
=001  115921
=005  20160611184138.0
=008  971117t19981998nyu\\\\\\\\\\\000\1\eng\\
=010  \\$a   97047274 
=020  \\$a0061052426
=035  \\$a(OCoLC)ocm37993248
=040  \\$aDLC$cDLC$dYDX$dCLE$dOEK$dUtOrBLW
=049  \\$aOEKA
=050  00$aPS3552.E157$bF65 1998
=082  00$a813/.54$221
=100  1\$aBear, Greg,$d1951-
=245  10$aFoundation and chaos /$cGreg Bear.
=260  \\$aNew York :$bHarperPrism,$c[1998], {copy}1998.
=300  \\$a342 pages ;$c24 cm.
=336  \\$atext$btxt$2rdacontent
=337  \\$aunmediated$bn$2rdamedia
=338  \\$avolume$bnc$2rdacarrier
=490  1\$aThe second foundation trilogy
=500  \\$aSequel to: Foundation's fear / Gregory Benford.
=655  \7$aScience fiction.$2gsafd
=700  1\$aBenford, Gregory,$d1941-$tFoundation's fear.
=830  \0$aSecond foundation trilogy.
=914  \\$a433204

