=LDR  00693cam  22002658a 4500
=001  116630
=005  20160611184220.0
=008  970623s1998\\\\nyu\\\\\\\\\\\000\1\eng\\
=010  \\$a   97018177 
=020  \\$a0380973030
=035  \\$a(DLC)   97018177
=040  \\$aDLC$cDLC$dUtOrBLW
=050  00$aPS3552.O84$bM68 1998
=082  00$a813/.54$221
=100  1\$aBova, Ben,$d1932-
=245  10$aMoonwar /$cBen Bova.
=250  \\$a1st ed.
=260  \\$aNew York :$bAvon Books,$c1998.
=263  \\$a9803
=300  \\$a388 pages ;$c25 cm
=336  \\$atext$btxt$2rdacontent
=337  \\$aunmediated$bn$2rdamedia
=338  \\$avolume$bnc$2rdacarrier
=655  \7$aScience fiction.$2gsafd
=914  \\$a435437

