=LDR  00911cam  22003138a 4500
=001  116873
=005  20160612032223.0
=008  971008s1998\\\\nyu\\\\\\\\\\\000\1\eng\\
=010  \\$a   97044319 
=020  \\$a0345391519 (alk. paper)
=020  \\$a9780345391520 (pbk)
=035  \\$a(OCoLC)ocm37783089
=040  \\$aDLC$cDLC$dOEK$dUtOrBLW
=049  \\$aOEKA
=050  00$aPS3569.A462345$bD48 1998
=082  00$a813/.54$221
=100  1\$aSalvatore, R. A.,$d1959-
=245  14$aThe demon spirit /$cR.A. Salvatore.
=250  \\$a1st ed.
=260  \\$aNew York :$bBallantine Pub. Group,$c1998.
=263  \\$a9804
=300  \\$aviii, 465 pages ;$c25 cm
=336  \\$atext$btxt$2rdacontent
=337  \\$aunmediated$bn$2rdamedia
=338  \\$avolume$bnc$2rdacarrier
=500  \\$a"A Del Rey book"--T.p. verso.
=526  \\$aAccelerated Reader$bUG$c8.1$d32$e32$z86596
=650  \0$aFantasy fiction.
=914  \\$a436134

