=LDR  00809cam  22002898a 4500
=001  117569
=005  20160611184316.0
=008  971002s1998\\\\nyu\\\\\\\\\\\000\1\eng\\
=010  \\$a   97032216 
=020  \\$a0553103245
=035  \\$a(OCoLC)ocm37770195
=040  \\$aDLC$cDLC$dOEK$dUtOrBLW
=049  \\$aOEKA
=050  00$aPS3558.O33636$bS55 1998
=082  00$a813/.54$221
=100  1\$aHobb, Robin.
=245  10$aShip of magic /$cRobin Hobb.
=260  \\$aNew York :$bBantam Books,$c1998.
=263  \\$a9803
=300  \\$axiv, 685 pages ;$c25 cm.
=336  \\$atext$btxt$2rdacontent
=337  \\$aunmediated$bn$2rdamedia
=338  \\$avolume$bnc$2rdacarrier
=490  1\$aLiveship traders ;$vbk. I
=655  \7$aFantasy fiction.$2gsafd
=800  1\$aHobb, Robin.$tLiveship traders;$vbk. 1.
=914  \\$a438569

