=LDR  01162cam  22003258a 4500
=001  117874
=005  20160611184334.0
=008  970731s1998\\\\nyu\\\\\\\\\\\000\1\eng\\
=010  \\$a   97034384 
=020  \\$a0312866232
=035  \\$a(OCoLC)ocm37437604
=040  \\$aDLC$cDLC$dOEK$dUtOrBLW
=049  \\$aOEKA
=050  00$aPS3569.A215$bF3 1998
=082  00$a813/.54$221
=100  1\$aSaberhagen, Fred,$d1930-2007.
=245  14$aThe face of Apollo /$cFred Saberhagen.
=250  \\$a1st ed.
=260  \\$aNew York :$bTor,$c1998.
=263  \\$a9804
=300  \\$a382 pages ;$c22 cm.
=336  \\$atext$btxt$2rdacontent
=337  \\$aunmediated$bn$2rdamedia
=338  \\$avolume$bnc$2rdacarrier
=490  1\$aThe first Book of the gods
=500  \\$a"A Tom Doherty Associates book."
=520  0\$aJeremy Redthorn agrees to help a beautiful stranger by putting on the Mask of Apollo, and now he must face Hades, the Lord of the Underworld; Thanatos, the embodiment of death, and Hephaestus, the smith who creates the gods' magical technology.  
=650  \0$aFantasy fiction.
=800  1\$aSaberhagen, Fred,$d1930-2007.$tBook of the gods;$v1.
=914  \\$a439523

