=LDR  01162cam  2200349Ia 4500
=001  119140
=005  20160612032340.0
=008  980309s1998\\\\nyu\\\\d\\\\\\000\1\eng\d
=020  \\$a0553574175
=035  \\$a(OCoLC)ocm38568778
=040  \\$aJBL$cJBL$dSLC$dUtOrBLW
=049  \\$aOEKA
=090  \\$aPS3553.R519$bR42 1998x
=100  1\$aCrispin, A. C.
=245  10$aRebel dawn /$cA.C. Crispin.
=260  \\$aNew York :$bBantam Books,$c1998.
=300  \\$aix, 389 pages ;$c18 cm.
=336  \\$atext$btxt$2rdacontent
=337  \\$aunmediated$bn$2rdamedia
=338  \\$avolume$bnc$2rdacarrier
=490  1\$aHan Solo trilogy ;$vv.3
=490  1\$aStar wars
=490  1\$aA Bantam spectra book
=520  0\$aWhen an old girlfriend who is now the leader of an insurgent Rebel group offers him a shot at an incredible fortune, Han can't resist.
=526  \\$aAccelerated Reader$bUG$c6.1$d17$e17$z66227
=600  10$aSolo, Han$c(Fictitious character)$vFiction.
=650  \0$aSmuggling$vFiction.
=655  \7$aScience fiction.$2gsafd
=800  1\$aCrispin, A. C.$tHan Solo trilogy;$vv.3.
=830  \0$aStar wars.
=830  \0$aBantam spectra book.
=914  \\$a444035

