=LDR  01062cam  22003138a 4500
=001  119313
=005  20160611184459.0
=008  980108s1998\\\\nyu\\\\\\\\\\\000\1\eng\\
=010  \\$a   98004914 
=020  \\$a0553101749 (HC)
=035  \\$a(OCoLC)ocm38239177
=040  \\$aDLC$cDLC$dOEK$dUtOrBLW
=049  \\$aOEKA
=050  00$aPS3552.R4825$bH43 1998
=082  00$a813/.54$221
=100  1\$aBrin, David.
=245  10$aHeaven's reach /$cDavid Brin.
=260  \\$aNew York :$bBantam Books,$c1998.
=263  \\$a9806
=300  \\$apages ;$ccm.
=336  \\$atext$btxt$2rdacontent
=337  \\$aunmediated$bn$2rdamedia
=338  \\$avolume$bnc$2rdacarrier
=500  \\$aThe Final book of the New uplift trilogy
=520  0\$aA group of adventurers escapes from a nightmarish planet and enters a marvelous new universe that guards a secret with the potential to change the course of civilization.  
=650  \0$aLife on other planets$vFiction.
=800  1\$aBrin, David.$tUplift saga ;$v6.
=800  1\$aBrin, David.$tUplift storm trilogy;$v3.
=914  \\$a444669

