=LDR  01024cam  22003498a 4500
=001  120094
=005  20160612032414.0
=008  980211s1998\\\\nyu\\\\\\\\\\\000\1\eng\\
=010  \\$a   98003041 
=020  \\$a0312850549 (acid-free paper)
=020  \\$a031286728X (limited ed.)
=035  \\$a(OCoLC)ocm38478408
=040  \\$aDLC$cDLC$dOEK$dUtOrBLW
=049  \\$aOEKA
=050  00$aPS3553.A655$bH43 1998
=082  00$a813/.54$221
=100  1\$aCard, Orson Scott.
=245  10$aHeartfire /$cOrson Scott Card.
=250  \\$a1st ed.
=260  \\$aNew York :$bTor,$c1998.
=263  \\$a9808
=300  \\$a301 pages ;$c25 cm.
=336  \\$atext$btxt$2rdacontent
=337  \\$aunmediated$bn$2rdamedia
=338  \\$avolume$bnc$2rdacarrier
=490  1\$aThe tales of Alvin Maker ;$v5
=500  \\$a"A Tom Doherty Associates book."
=521  8\$a850L$bLexile
=526  \\$aAccelerated Reader$bUG$c5.6$d16$e16$z32794
=650  \0$aFantasy fiction.
=800  1\$aCard, Orson Scott.$tTales of Alvin Maker;$v5.
=914  \\$a447054

