=LDR  01244nam  2200313ra 4500
=001  122701
=005  20160612032548.0
=008  970723s1997\\\\nyu\\\\d\\\\\\000\1\eng\d
=020  \\$a0553574159 :$c{dollar}5.99
=035  \\$a(WaOLN)wln98078112
=035  \\$a(WaOLN)10933773$z(WaOLN)11042871
=035  \\$a(OCoLC)36874031
=040  \\$aIOS$cIOS$dYEP$dUtOrBLW
=100  1\$aCrispin, A. C.
=245  14$aThe paradise snare /$cA.C. Crispin.
=260  \\$aNew York :$bBantam Books,$c1997.
=300  \\$aviii, 306 pages ;$c18 cm.
=336  \\$atext$btxt$2rdacontent
=337  \\$aunmediated$bn$2rdamedia
=338  \\$avolume$bnc$2rdacarrier
=490  1\$aHan Solo trilogy ;$vv.1
=490  1\$aStar wars
=500  \\$a"A Bantam Spectra book"--T.p. verso.
=520  0\$aHan's goal is to become an Imperial Navy pilot. But first he needs hands-on experience flying spacecraft, and for that he takes a job on the planet Ylesia -- a steaming world of religious fanaticism, illicit drugs, and alluring sensuality... where dreams are destroyed and escape is impossible.
=526  \\$aAccelerated Reader$bUG$c6.0$d16$e16$z66233
=655  \7$aScience fiction.$2gsafd
=800  1\$aCrispin, A. C.$tHan Solo trilogy;$vv.1.
=830  \0$aStar wars.
=914  \\$a455070

