=LDR  01656cam  2200469Ia 4500
=001  123003
=005  20170108014521.0
=008  951026t19951994nyub\\\\\\\\\\000\1\eng\d
=020  \\$a0812513754 (pbk.)
=020  \\$a9780812513752 (pbk.)
=020  \\$a9780765334657 : PAP$c19.99
=020  \\$a0765334658 : PAP$c19.99
=020  \\$a0312854285
=020  \\$a9780312854287
=020  \\$a9780812513752
=020  \\$a0812513754
=035  \\$a(OCoLC)ocm33376912 
=035  \\$a(OCoLC)33376912
=035  \\$a49373
=035  \\$a694895
=040  \\$aSDL$cSDL$dSLC$dSVP$dXBM$dOCL$dOCLCQ$dBAKER$dBTCTA$dOCLCQ$dYDXCP$dOCLCG$dQJB$dAZH$dIEF$dOCH$dXY4 $dUtOrBLW
=049  \\$aZPPA
=050  14$aPS3560.O7617$bL67 1995
=082  04$a813/.54$220
=100  1\$aJordan, Robert,$d1948-2007.
=245  10$aLord of chaos /$cRobert Jordan.
=250  \\$a1st Mass market ed.
=260  \\$aNew York :$bTor/Tom Doherty,$c1995, {copy}1994.
=300  \\$aviii, 1,011 pages :$bmap ;$c17 cm.
=336  \\$atext$btxt$2rdacontent
=337  \\$aunmediated$bn$2rdamedia
=338  \\$avolume$bnc$2rdacarrier
=490  1\$aThe Wheel of time ;$vbk. 6
=520  \\$aStruggling to unite his nations for the battle that would release the Dark One into their world, Rand al'Thor is unaware of the White Tower leader's plans to silence his efforts.
=526  \\$aAccelerated Reader$bUG$c6.7$d65$e65$z32817
=650  \0$aRand al'Thor (Fictitious character)$vFiction.
=650  \0$aImaginary places$vFiction.
=650  \0$aFantasy.
=655  \7$aFantasy fiction.$2gsafd
=800  1\$aJordan, Robert,$d1948-2007.$tWheel of time ;$vbk. 6.
=914  \\$a456012
=994  \\$aC0$bZPP

