=LDR  02028cam  2200553 a 4500
=001  123671
=005  20160611184913.0
=008  980615t19981998nyu\\\\\\\\\\\000\1\eng\\
=010  \\$a   98027649 
=020  \\$a038097715X (hardcover)
=020  \\$a9780380977154 (hardcover)
=029  1\$aNZ1$b4898103
=029  1\$aAU@$b000013966834
=029  1\$aUNITY$b069706484
=029  1\$aUKWLI$bX100054291
=029  1\$aUNITY$b09376068X
=029  1\$aUKDEL$b038097715x
=029  1\$aLWM$b038097715X
=029  1\$aUKDGL$b038097715X
=029  1\$aUKMDD$b038097715X
=029  1\$aUKTAL$b038097715X
=029  1\$aUKERY$b038097715X
=035  \\$a(OCoLC)ocm39313532 
=035  \\$a(OCoLC)39313532
=040  \\$aDLC$cDLC$dCLE$dFIT$dBAKER$dBTCTA$dYDXCP$dUtOrBLW
=049  \\$aOEKA
=050  00$aPS3556.E446$bK76 1998
=082  00$a813/.54$221
=100  1\$aFeist, Raymond E.
=245  10$aKrondor, the betrayal /$cRaymond E. Feist.
=250  \\$a1st ed.
=260  \\$aNew York :$bAvon Books,$c[1998], {copy}1998.
=300  \\$a376 pages ;$c25 cm +$e1 computer disc (4 3/4 in.)
=336  \\$atext$btxt$2rdacontent
=337  \\$aunmediated$bn$2rdamedia
=338  \\$avolume$bnc$2rdacarrier
=490  1\$aRiftwar legacy ;$vbk. 1
=500  \\$a"Based on the story 'Betrayal at Krondor' by Neal Hallford, John Cutter, and Raymond E. Feist."
=520  \\$aSquire Locklear of the fantasy land of Riftwar is sent by the Prince of Krondor on a mission against the Dark Elves. First novel in a series based on a computer game. By the author of Magician.
=650  \0$aJimmy the Hand (Fictitious character)$vFiction.
=650  \0$aMidkemia (Imaginary place)$vFiction.
=655  \7$aFantasy fiction.$2gsafd
=730  0\$aBetrayal at Krondor.
=800  1\$aFeist, Raymond E.$tRiftwar legacy;$vbk. 1.
=914  \\$a458062
=938  \\$aBaker & Taylor$bBKTY$c24.00$d18.00$i038097715X$n0003174472$sactive
=938  \\$aBaker and Taylor$bBTCP$nbl2004114061
=938  \\$aYBP Library Services$bYANK$n1591684
=994  \\$aC0$bOEK

