=LDR  00828cam  2200265Ia 4500
=001  123731
=005  20160611184917.0
=008  820415t19801980nyu\\\\\\\\\\\000\1\eng\d
=035  \\$a(OCoLC)ocm08337818
=040  \\$aVYG$cVYG$dSDB$dUNH$dOEK$dUtOrBLW
=049  \\$aOEKA
=090  \\$aPR6051.D3352$bR47 1980
=092  \\$aS
=100  1\$aAdams, Douglas,$d1952-2001.
=245  14$aThe restaurant at the end of the universe /$cby Douglas Adams.
=250  \\$aBook club ed.
=260  \\$aNew York :$bHarmony Books,$c[1980], {copy}1980.
=300  \\$a217 pages ;$c22 cm
=336  \\$atext$btxt$2rdacontent
=337  \\$aunmediated$bn$2rdamedia
=338  \\$avolume$bnc$2rdacarrier
=600  \0$aPrefect, Ford$vFiction.
=600  \0$aDent, Arthur$c(Fictitious character)$vFiction.
=650  \0$aInterplanetary voyages$vFiction.
=914  \\$a458235

