=LDR  00987cam  2200313 a 4500
=001  124040
=005  20160611184935.0
=008  981112t19981998nyub\\\\\\\\\\000\1\eng\\
=010  \\$a   98032360 
=020  \\$a0061050326
=035  \\$a(OCoLC)   98032360
=035  \\$a(WaOLN)12002062
=040  \\$aDLC$cDLC$dDLC$dUtOrBLW
=043  \\$ae-uk-st$aaw-----
=050  00$aPS3562.A865$bI76 1998
=082  00$a813/.54$221
=100  1\$aLawhead, Stephen R.,$d1950-
=245  14$aThe iron lance /$cStephen R. Lawhead.
=250  \\$a1st U.S. ed.
=260  \\$aNew York :$bHarperPrism/Zondervan,$c[1998], {copy}1998.
=300  \\$a498 pages :$bmaps ;$c25 cm.
=336  \\$atext$btxt$2rdacontent
=337  \\$aunmediated$bn$2rdamedia
=338  \\$avolume$bnc$2rdacarrier
=490  1\$aThe Celtic crusades ;$vv. 1
=650  \0$aCrusades$yFirst, 1096-1099$vFiction.
=651  \0$aScotland$xHistory$y1057-1603$vFiction.
=800  1\$aLawhead, Stephen R.,$d1950-$tCeltic crusades;$vv. 1.
=914  \\$a459340

