=LDR  01095cam  2200361M  4500
=001  125395
=005  20170108014521.0
=008  730615t19971972nyu\\\\\\\\\\\000\1\eng\d
=010  \\$a   96095071 
=020  \\$a0380973839
=020  \\$a9780380973835
=035  \\$a(OCoLC)ocn752317609
=035  \\$a(OCoLC)752317609
=040  \\$aTWP$beng$cTWP$dOCLCF$dOCLCO$dUtOrBLW
=049  \\$aOEKA
=050  00$aPS3503.R167$bM38 1997
=082  00$a813/.5/4
=100  1\$aBradbury, Ray,$d1920-2012.
=245  14$aThe Martian chronicles /$cRay Bradbury.
=250  \\$aUpdated and rev.
=260  \\$aNew York :$bWilliam Morris/Harper Collins,$c1997.
=300  \\$a268 pages ;$c22 cm
=336  \\$atext$btxt$2rdacontent
=337  \\$aunmediated$bn$2rdamedia
=338  \\$avolume$bnc$2rdacarrier
=500  \\$aGift from Richard D. and Shirley H. Roberts.
=521  8\$a740L$bLexile
=526  \\$aAccelerated Reader$bUG$c6.2$d9$e9$z12790
=650  \0$aInterplanetary voyages$vFiction.
=650  \0$aScience fiction, American.
=651  \0$aMars (Planet)$vFiction.
=914  \\$a463394
=994  \\$aC0$bOEK

