=LDR  00864cam  2200289Ia 4500
=001  126051
=005  20160611185135.0
=008  981027t19981990nyub\\\\\\\\\\000\1\eng\d
=020  \\$a0345421914 (pbk.) :$c{dollar}6.99 ({dollar}8.99 Can.)
=035  \\$a(OCoLC)ocm40177331
=040  \\$aDPB$cDPB$dDAY$dUtOrBLW
=049  \\$aZPJA
=090  \\$aPS3569.A462345$bE3 1998
=092  0\$a813/.54$bS$221
=100  1\$aSalvatore, R. A.,$d1959-
=245  10$aEchoes of the fourth magic /$cR.A. Salvatore.
=250  \\$a1st Ballantine Books ed.
=260  \\$aNew York :$bDel Rey/Ballantine,$c1998.
=300  \\$a333 pages ;$c18 cm
=336  \\$atext$btxt$2rdacontent
=337  \\$aunmediated$bn$2rdamedia
=338  \\$avolume$bnc$2rdacarrier
=500  \\$a"A Del Rey Book."
=650  \0$aFantasy fiction, American.
=655  \7$aFantasy fiction.$2gsafd
=914  \\$a465309
=994  \\$aX0$bZPJ

