=LDR  00996cam  22003138a 4500
=001  126952
=005  20160612032812.0
=008  980706s1998\\\\nyu\\\\\\\\\\\000\1\eng\\
=010  \\$a   98035863 
=020  \\$z0888363819 (cl)
=035  \\$a(DLC)   98035863
=040  \\$aDLC$cDLC$dUtOrBLW
=050  00$aPS3552.U827$bP38 1998
=082  00$a813/.54$221
=100  1\$aButler, Octavia E.
=245  10$aParable of the talents :$ba novel /$cby Octavia E. Butler.
=250  \\$aA Seven Stories Press 1st ed.
=260  \\$aNew York :$bSeven Stories Press,$c1998.
=263  \\$a9810
=300  \\$a365 pages ;$c24 cm
=336  \\$atext$btxt$2rdacontent
=337  \\$aunmediated$bn$2rdamedia
=338  \\$avolume$bnc$2rdacarrier
=449  00$aNebula Award Novels: 1965-1999 (Science Fiction)
=449  00$aNebula Award Best Novel Nominees 1999
=500  \\$aSequel to: Parable of the sower.
=526  \\$aAccelerated Reader$bUG$c5.9$d21$e21$z35655
=655  \7$aScience fiction.$2gsafd
=914  \\$a467898

