=LDR  00883cam  22003138a 4500
=001  127512
=005  20160611185302.0
=008  981221s1999\\\\nyu\\\\\\\\\\\000\1\eng\\
=010  \\$a   98055518 
=020  \\$a0312890540
=035  \\$a(OCoLC)ocm40545453
=040  \\$aDLC$cDLC$dOEK$dUtOrBLW
=049  \\$aOEKA
=050  00$aPS3557.O5826$bS68 1999
=082  00$a813/.54$221
=100  1\$aGoodkind, Terry.
=245  10$aSoul of the fire /$cTerry Goodkind.
=250  \\$a1st ed.
=260  \\$aNew York :$bA Tom Doherty Associates Book,$c1999.
=263  \\$a9903
=300  \\$a508 pages ;$c25 cm.
=336  \\$atext$btxt$2rdacontent
=337  \\$aunmediated$bn$2rdamedia
=338  \\$avolume$bnc$2rdacarrier
=490  1\$a[The Sword of truth ;$v5
=650  \0$aWizards$vFiction.
=650  \0$aFantasy fiction.
=800  1\$aGoodkind, Terry.$tSword of truth;$vbk. 5.
=914  \\$a469344

