=LDR  01020cam  22003378a 4500
=001  127933
=005  20160612032848.0
=008  980318s1999\\\\nyu\\\\\\\\\\\000\1\eng\\
=010  \\$a   98016833 
=020  \\$a0151003548
=035  \\$a(OCoLC)ocm38833366
=040  \\$aDLC$cDLC$dOEK$dUtOrBLW
=049  \\$aOEKA
=050  00$aPS3552.A4313$bS58 1999
=082  00$a813/.54$221
=100  1\$aBaker, Kage.
=245  10$aSky coyote :$ba novel of the company /$cKage Baker.
=250  \\$a1st ed.
=260  \\$aNew York :$bHarcourt Brace,$c1999.
=263  \\$a9902
=300  \\$apages ;$ccm.
=336  \\$atext$btxt$2rdacontent
=337  \\$aunmediated$bn$2rdamedia
=338  \\$avolume$bnc$2rdacarrier
=526  \\$aAccelerated Reader$bUG$c5.7$d14$e14$z51784
=650  \0$aDr. Zeus Incorporated (Imaginary organization)$vFiction.
=650  \0$aImmortalism$vFiction.
=650  \0$aTime travel$vFiction.
=650  \0$aMendoza (Fictitious character)$vFiction.
=800  1\$aBaker, Kage.$tThe Company ;$v2.
=914  \\$a470422

