=LDR  00854nam  22003018a 4500
=001  128765
=005  20160612032917.0
=008  981209s1999\\\\nyu\\\\\\\\\\\000\1\eng\\
=010  \\$a   98052444 
=020  \\$a0345416872 (alk. paper)
=035  \\$a(OCoLC)ocm40500844
=040  \\$aDLC$cDLC$dOEK$dUtOrBLW
=049  \\$aOEKA
=050  00$aPS3553.A655$bE495 1999
=082  00$a813/.54$221
=100  1\$aCard, Orson Scott.
=245  10$aEnchantment /$cOrson Scott Card.
=250  \\$a1st ed.
=260  \\$aNew York :$bBallantine Pub. Group,$c1999.
=263  \\$a9904
=300  \\$a390 pages ;$c25 cm
=336  \\$atext$btxt$2rdacontent
=337  \\$aunmediated$bn$2rdamedia
=338  \\$avolume$bnc$2rdacarrier
=500  \\$a"A Del Rey book"--T.p. verso.
=521  8\$a850L$bLexile
=526  \\$aAccelerated Reader$bUG$c6.2$d25$e25$z47258
=914  \\$a473318

