=LDR  00866cam  2200277 a 4500
=001  129001
=005  20160611185431.0
=008  \\\\\\s1995\\\\nyu\\\\\\\\\\\000\1\eng\d
=020  \\$a0345387805 :$c{dollar}5.99 ({dollar}6.99 Can.)
=035  \\$a(OCoLC)wln96121496
=035  \\$a(WaOLN)9805507
=040  \\$aWaMonR$cWaMonR$dUtOrBLW
=082  00$a813/.54$220
=100  1\$aMcCaffrey, Anne.
=245  10$aPower lines /$cAnne McCaffrey, Elizabeth Ann Scarborough.
=260  \\$aNew York :$bBallantine Books,$c1994.
=300  \\$a324 pages ;$c18 cm
=336  \\$atext$btxt$2rdacontent
=337  \\$aunmediated$bn$2rdamedia
=338  \\$avolume$bnc$2rdacarrier
=500  \\$aSequel to: Powers that be.
=500  \\$a"A Del Rey book."
=650  \0$aLife on other planets$vFiction.
=650  \0$aWomen political activists$vFiction.
=700  1\$aScarborough, Elizabeth Ann.
=914  \\$a474091

