=LDR  01096cam  22003498a 4500
=001  129535
=005  20160612032945.0
=008  981015s1999\\\\nyu\\\\\\\\\\\000\1\eng\\
=010  \\$a   98043457 
=020  \\$a0312856830 (acid-free paper)
=035  \\$a(OCoLC)ocm40150541
=040  \\$aDLC$cDLC$dOEK$dUtOrBLW
=049  \\$aOEKA
=050  00$aPS3572.I534$bD44 1999
=082  00$a813/.54$221
=100  1\$aVinge, Vernor.
=245  12$aA deepness in the sky /$cVernor Vinge.
=250  \\$a1st ed.
=260  \\$aNew York :$bTor,$c1999.
=263  \\$a9902
=300  \\$a606 pages ;$c25 cm
=336  \\$atext$btxt$2rdacontent
=337  \\$aunmediated$bn$2rdamedia
=338  \\$avolume$bnc$2rdacarrier
=449  00$aNebula Award Best Novel Nominees 1999
=449  00$aHugo Award Novels 1955-2000 (Science Fiction)
=449  00$aHugo Award Best Novel Nominees 2000 (Science Fiction)
=500  \\$a"A Tom Doherty Associates book."
=526  \\$aAccelerated Reader$bUG$c6.2$d42$e42$z53679
=655  \7$aScience fiction.$2gsafd
=800  1\$aVinge, Vernor.$tQueng Ho novels ;$v3.
=914  \\$a475669

