=LDR  00810cam  2200277Ia 4500
=001  130188
=005  20160611185541.0
=008  000807s2000\\\\nyu\\\\\\\\\\\000\1\eng\d
=010  \\$a   99021635 
=020  \\$a0380797259
=035  \\$a(OCoLC)ocm44731601
=040  \\$aISO$cISO$dGZM$dLEO$dUtOrBLW
=092  \\$aPB SF
=100  1\$aBova, Ben,$d1932-
=245  10$aReturn to Mars /$cBen Bova.
=250  \\$a1st Eos mass market pbk.
=260  \\$aNew York :$bEOS,$c2000.
=300  \\$ax, 544 pages ;$c17 cm
=336  \\$atext$btxt$2rdacontent
=337  \\$aunmediated$bn$2rdamedia
=338  \\$avolume$bnc$2rdacarrier
=650  \0$aSpace flight to Mars$vFiction.
=650  \0$aInterplanetary voyages$vFiction.
=651  \0$aMars (Planet)$xExploration$vFiction.
=655  \7$aScience fiction.$2gsafd
=914  \\$a477703

