=LDR  00797cam  22002898a 4500
=001  130890
=005  20160611185623.0
=008  990503s1999\\\\nyu\\\\\\\\\\\000\1\eng\\
=010  \\$a   99022203 
=020  \\$a0312866186 (alk. paper)
=035  \\$a(OCoLC)   99022203
=035  \\$a(WaOLN)12243653
=040  \\$aDLC$cDLC$dOCoLC$dUtOrBLW
=050  00$aPS3566.O36$bF37 1999
=082  00$a813/.54$221
=100  1\$aPohl, Frederik.
=245  14$aThe far shore of time /$cFrederik Pohl.
=250  \\$a1st ed.
=260  \\$aNew York :$bTOR,$c1999.
=263  \\$a9906
=300  \\$a317 pages
=336  \\$atext$btxt$2rdacontent
=337  \\$aunmediated$bn$2rdamedia
=338  \\$avolume$bnc$2rdacarrier
=500  \\$a"A Tom Doherty Associates book."
=655  \7$aScience fiction.$2gsafd
=914  \\$a479892

