=LDR  00827cam  22003018a 4500
=001  131117
=005  20160611185637.0
=008  981117s1999\\\\nyu\\\\\\\\\\\000\1\eng\\
=010  \\$a   98051188 
=020  \\$a0553103334
=035  \\$a(OCoLC)ocm40396161
=040  \\$aDLC$cDLC$dOEK$dUtOrBLW
=042  \\$apcc
=049  \\$aOEKA
=050  00$aPS3558.O33636$bM33 1999
=082  00$a813/.54$221
=100  1\$aHobb, Robin.
=245  14$aThe mad ship /$cRobin Hobb.
=260  \\$aNew York :$bBantam Books,$c1999.
=263  \\$a9904
=300  \\$a647 pages ;$c25 cm.
=336  \\$atext$btxt$2rdacontent
=337  \\$aunmediated$bn$2rdamedia
=338  \\$avolume$bnc$2rdacarrier
=490  1\$aThe liveship traders ;$vbk. 2
=655  \7$aFantasy fiction.$2gsafd
=800  1\$aHobb, Robin.$tLiveship traders;$vbk. 2.
=914  \\$a480518

