=LDR  00998cam  22003378a 4500
=001  131153
=005  20161012145312.0
=008  990108s1999\\\\nyu\\\\\\\\\\\000\1\eng\\
=010  \\$a   99011685 
=020  \\$a0380973464 (hardcover)
=020  \\$a0380788624
=020  \\$a9780380788620
=035  \\$a(OCoLC)ocm40631785
=035  \\$a159210
=040  \\$aDLC$cDLC$dOEK$dUtOrBLW
=049  \\$aOEKA
=050  00$aPS3569.T3868$bC79 1999
=082  00$a813/.54$221
=100  1\$aStephenson, Neal.
=245  10$aCryptonomicon /$cNeal Stephenson.
=260  \\$aNew York :$bAvon Press,$c1999.
=263  \\$a9905
=300  \\$a918 pages ;$c25 cm
=336  \\$atext$btxt$2rdacontent
=337  \\$aunmediated$bn$2rdamedia
=338  \\$avolume$bnc$2rdacarrier
=586  \\$aHugo Award Best Novel Nominees 2000 (Science Fiction)
=650  \0$aWorld War, 1939-1945$xCryptography$vFiction.
=650  \0$aData encryption (Computer science)$vFiction.
=655  \7$aAdventure fiction.$2gsafd
=914  \\$a480629

