=LDR  01337cam  2200373Ia 4500
=001  132435
=005  20160612033128.0
=008  990430t19991999nyu\\\\\\\\\\\000\1\eng\d
=010  \\$a   98096827 
=020  \\$a0345427653 :$c{dollar}25.00
=035  \\$a(OCoLC)ocm41281203
=040  \\$aB@L$cB@L$dPNX$dJED$dCNB$dOEK$dUtOrBLW
=049  \\$aOEKA
=092  \\$a813.54
=100  1\$aBrooks, Terry.
=245  10$aStar Wars, episode I :$bthe phantom menace /$cTerry Brooks ; based on the story and screenplay by George Lucas.
=246  10$aStar Wars, episode one, the phantom menace
=246  10$aStar Wars, episode 1, the phantom menace
=246  10$aStar Wars, episode 1, phantom menace
=246  10$aStar Wars, episode one, phantom menace
=246  10$aStar Wars, episode I, phantom menace
=246  10$aPhantom menace
=246  10$aStar Wars, phantom menace
=250  \\$a1st ed.
=260  \\$aNew York :$bLucas Books :$bThe Ballantine Publishing Group,$c[1999], {copy}1999.
=300  \\$a324 pages ;$c25 cm
=336  \\$atext$btxt$2rdacontent
=337  \\$aunmediated$bn$2rdamedia
=338  \\$avolume$bnc$2rdacarrier
=526  \\$aAccelerated Reader$bUG$c6.7$d14$e14$z66942
=655  \7$aScience fiction.$2gsafd
=700  1\$aLucas, George,$d1944-
=730  0\$aStar wars, episode I, the phantom menace (Motion picture)
=914  \\$a485102

