=LDR  01527cam  2200457 a 4500
=001  133025
=005  20170606162946.0
=008  890425s1990\\\\nyubf\\\\\\\\\000\1\eng\\
=010  \\$a   89007939 
=020  \\$a0312850093
=020  \\$a0812500482
=020  \\$a9780812511819
=020  \\$a0812511816
=035  \\$a(OCoLC)ocm19723327
=035  \\$a150939
=035  \\$a475444
=035  \\$a744397
=040  \\$aDLC$cDLC$dXY4$dCGE$dBAKER$dY#4$dUtOrBLW
=049  \\$aY#4A
=050  00$aPS3560.O7617$bE94 1990
=082  00$a813/.54$220
=099  \\$aSF JORDAN
=100  1\$aJordan, Robert,$d1948-2007.
=245  14$aThe eye of the world /$cRobert Jordan.
=250  \\$a1st ed.
=260  \\$aNew York :$bT. Doherty Associates,$c1990.
=300  \\$axiv, 670 pages, 3 unnumbered pages of plates :$bmaps ;$c24 cm.
=336  \\$atext$btxt$2rdacontent
=337  \\$aunmediated$bn$2rdamedia
=338  \\$avolume$bnc$2rdacarrier
=490  1\$aThe Wheel of time ;$vbk. 1]
=490  1\$aTor fantasy
=500  \\$a"A TOR book"--T.p. verso.
=520  \\$aIn the Third Age, an age of prophecy when the world and time themselves hang in the balance, the Dark One, imprisoned by the Creator, is stirring in Shayol Ghul.
=526  \\$aAccelerated Reader$bUG$c5.9$d49$e49$z32815
=650  \0$aRand al'Thor (Fictitious character)$vFiction.
=655  \7$aFantasy fiction.$2gsafd
=800  1\$aJordan, Robert,$d1948-2007.$tWheel of time ;$vbk. 1.
=830  \0$aTor fantasy.
=914  \\$a487087
=019  \\$a21379332$a54681548

