=LDR  01505cam  22004338a 4500
=001  133915
=005  20170303111801.0
=008  990603s1999\\\\nyu\\\\\\\\\\\000\1\eng\\
=010  \\$a   99035824 
=020  \\$a031286860X
=020  \\$a0812575717 (pbk.)
=020  \\$a9780812575712 (pbk.)
=035  \\$a(OCoLC)ocm41565235
=035  \\$a337811
=040  \\$aDLC$cDLC$dQUE$dDIP$dOEK$dUtOrBLW
=042  \\$apcc
=049  \\$aOEKA
=050  00$aPS3553.A655$bE58 1999
=082  00$a813/.54$221
=100  1\$aCard, Orson Scott.
=245  10$aEnder's shadow /$cOrson Scott Card.
=250  \\$a1st ed.
=260  \\$aNew York :$bTom Doherty Associates Book,$c1999.
=263  \\$a9909
=300  \\$a379 pages ;$c24 cm
=336  \\$atext$btxt$2rdacontent
=337  \\$aunmediated$bn$2rdamedia
=338  \\$avolume$bnc$2rdacarrier
=520  \\$aAn urchin is picked off the street by a nun and sent to war school to become a brilliant space-war strategist. He is Bean, so called because of his diminutive stature, the result of an illegal genetic experiment.
=521  8\$a780L$bLexile
=526  \\$aAccelerated Reader$bUG$c5.9$d22$e22$z32282
=600  \0$aWiggin, Ender$c(Fictitious character)$vFiction.
=600  \0$aBean$c(Fictitious character from Card)$vFiction.
=650  \0$aSpace warfare$vFiction.
=650  \0$aWar games$vFiction.
=650  \0$aChild soldiers$vFiction.
=655  \7$aScience fiction, American.$2gsafd
=800  1\$aCard, Orson Scott.$tShadow saga;$v1.
=914  \\$a490899

