=LDR  00913cam  2200277Ia 4500
=001  134412
=005  20160611185950.0
=008  990601t19991999cau\\\\\\\\\\\000\1\eng\d
=020  \\$a1573181641 :$c{dollar}25.00
=035  \\$a(OCoLC)ocm41462522
=040  \\$aIFA$cIFA$dOEK$dUtOrBLW
=049  \\$aOEKA
=092  \\$a813.54
=100  1\$aHubbard, L. Ron$q(La Fayette Ron),$d1911-1986.
=245  12$aA very strange trip /$can original story by L. Ron Hubbard ; novel by Dave Wolverton.
=260  \\$aLos Angeles, Calif. :$bBridge Publications, Inc.,$c[1999], {copy}1999.
=300  \\$a300 pages :$bmaps (on lining papers) ;$c24 cm
=336  \\$atext$btxt$2rdacontent
=337  \\$aunmediated$bn$2rdamedia
=338  \\$avolume$bnc$2rdacarrier
=610  10$aUnited States.$bArmy$vFiction.
=650  \0$aTime travel$vFiction.
=655  \7$aScience fiction.$2gsafd
=700  1\$aWolverton, Dave.
=914  \\$a492588
=994  \\$aE0$bOEK

