=LDR  00736cam  22002778a 4500
=001  134764
=005  20160611190010.0
=008  990120s1999\\\\nyu\\\\\\\\\\\000\1\eng\\
=010  \\$a   99018565 
=020  \\$a055310702X
=035  \\$a(OCoLC)ocm40681703
=040  \\$aDLC$cDLC$dCLE$dOEK$dUtOrBLW
=042  \\$apcc
=049  \\$aOEKA
=050  00$aPS3576.A33$bI28 1999
=082  00$a813/.54$221
=100  1\$aZahn, Timothy.
=245  14$aThe Icarus hunt /$cTimothy Zahn.
=260  \\$aNew York :$bBantam Books,$c1999.
=300  \\$a362 pages ;$c25 cm
=336  \\$atext$btxt$2rdacontent
=337  \\$aunmediated$bn$2rdamedia
=338  \\$avolume$bnc$2rdacarrier
=655  \7$aScience fiction.$2gsafd
=914  \\$a493731
=994  \\$aE0$bOEK

