=LDR  01027cam  22003378a 4500
=001  135138
=005  20160612033305.0
=008  990301s1999\\\\nyu\\\\\\\\\\\000\1\eng\\
=010  \\$a   99021833 
=020  \\$a034542333X (alk. paper)
=035  \\$a(OCoLC)ocm40940104
=040  \\$aDLC$cDLC$dOEK$dUtOrBLW
=049  \\$aOEKA
=050  00$aPS3552.E157$bD43 1999
=082  00$a813/.54$221
=100  1\$aBear, Greg,$d1951-
=245  10$aDarwin's radio /$cGreg Bear.
=250  \\$a1st ed.
=260  \\$aNew York :$bBallantine Pub. Group,$c1999.
=263  \\$a9909
=300  \\$a430 pages ;$c25 cm
=336  \\$atext$btxt$2rdacontent
=337  \\$aunmediated$bn$2rdamedia
=338  \\$avolume$bnc$2rdacarrier
=449  00$aNebula Award Best Novel Nominees 2000 (Science Fiction)
=449  00$aHugo Award Best Novel Nominees 2000 (Science Fiction)
=500  \\$a"A Del Rey book"--T.p. verso.
=526  \\$aAccelerated Reader$bUG$c5.5$d24$e24$z109938
=655  \7$aScience fiction.$2gsafd
=914  \\$a494987
=994  \\$aE0$bOEK

