=LDR  01567cam  2200397 a 4500
=001  135172
=005  20160612033306.0
=008  990319s1999\\\\nyu\\\\\\\\\\\000\1\eng\\
=010  \\$a   99026026 
=020  \\$a0345379640 (hc : alk. paper)
=035  \\$a(OCoLC)ocm41086723
=040  \\$aDLC$cDLC$dC#P$dCLE$dFIT$dY#4$dUtOrBLW
=049  \\$aY#4A
=050  00$aPS3552.R6596$bA8 1999
=082  00$a813/.54$221
=100  1\$aBrooks, Terry.
=245  10$aAngel fire east /$cTerry Brooks.
=250  \\$a1st ed.
=260  \\$aNew York :$bBallantine Pub. Group,$c1999.
=300  \\$a336 pages ;$c25 cm
=336  \\$atext$btxt$2rdacontent
=337  \\$aunmediated$bn$2rdamedia
=338  \\$avolume$bnc$2rdacarrier
=520  \\$aA boy is kidnaped by a demon in Hopewell, Illinois. It happens after he is invaded by magic which the demon covets. Demon hunters John Ross and Nest Freemark go to the boy's rescue. By the author of Running with the Demon.
=521  8\$a910L$bLexile
=526  \\$aAccelerated Reader$bUG$c6.4$d18$e18$z85547
=650  \0$aDemonology$vFiction.
=650  \0$aGood and evil$vFiction.
=650  \0$aKnights and knighthood$vFiction.
=650  \0$aYoung women$vFiction.
=655  \7$aFantasy fiction.$2gsafd
=856  42$3Contributor biographical information$uhttp://www.loc.gov/catdir/bios/random059/99026026.html
=856  41$3Sample text$uhttp://www.loc.gov/catdir/samples/random044/99026026.html
=856  42$3Publisher description$uhttp://www.loc.gov/catdir/description/random0412/99026026.html
=914  \\$a495122
=994  \\$a03$bY#4

