=LDR  00844cam  2200265 i 4500
=001  137415
=005  20160612033419.0
=008  \\\\\\s1953\\\\nyu\\\\\\\\\\\000\1\eng\d
=035  \\$a(OCoLC)75001195
=035  \\$a(XX-XxUND) .b1377309
=040  \\$cXX-XxUND$dUtOrBLW
=082  0\$a823/.9/14
=092  \\$bCLAR
=100  1\$aClarke, Arthur C.$q(Arthur Charles),$d1917-2008.
=245  10$aChildhood's end /$cArthur C. Clarke.
=260  \\$aNew York :$bHarcourt, Brace & World,$c1953.
=300  \\$a220 pages ;$c21 cm
=336  \\$atext$btxt$2rdacontent
=337  \\$aunmediated$bn$2rdamedia
=338  \\$avolume$bnc$2rdacarrier
=521  8\$a990L$bLexile
=526  \\$aAccelerated Reader$bUG$c7.7$d12$e12$z65272
=914  \\$a529341
=940  \\$aeng$lacmaf$m-$cnyu
=945  \\$g4$h-$i0$p{dollar}12.00$o- -$t- -$u0$d- -$q22$lacmaf$s-$b32001000157214$y.i1431882

