=LDR  01039cam  2200301 a 4500
=001  137810
=005  20160612033433.0
=008  \\\\\\t19911991wiua\\\\\\\\\\000\1\eng\d
=020  \\$a1560761199 (pbk.) :
=035  \\$a(OCoLC)90071503
=035  \\$a(XX-XxUND) .b148283x
=040  \\$cXX-XxUND$dUtOrBLW
=092  \\$bSALV
=100  1\$aSalvatore, R. A.,$d1959-
=245  10$aCanticle /$cR.A. Salvatore.
=260  \\$aLake Geneva, WI :$bTSR,$c[1991], {copy}1991.
=300  \\$a313 pages :$billustrations ;$c18 cm.
=336  \\$atext$btxt$2rdacontent
=337  \\$aunmediated$bn$2rdamedia
=338  \\$avolume$bnc$2rdacarrier
=490  0\$aForgotten realms
=490  1\$aThe cleric quintet ;$vbk. 1
=521  8\$a1080L$bLexile
=800  1\$aSalvatore, R. A.,$d1959-$tCleric quintet;$vbk. 1.
=914  \\$a534723
=940  \\$aeng$lacmaf$m-$cwiu
=945  \\$g9495$hi$i0$p{dollar}4.95$o- -$t- -$u0$d- -$q31$lacmaf$s-$b32001000772467$y.i1923651
=945  \\$g9798$hd$i0$p{dollar}4.95$o12-31-98 14:02$t01-21-99$u165605$d02-22-99$q3$lstaf$sn$b32001000728253$y.i2191659

