=LDR  01277cam  2200349 a 4500
=001  137853
=005  20160611190308.0
=008  \\\\\\t19911991nyu\\\\\\\\\\\000\1\eng\\
=010  \\$a   91207323 
=020  \\$a0671748084
=035  \\$a(OCoLC)91207323
=035  \\$a(XX-XxUND) .b1498733
=040  \\$cXX-XxUND$dUtOrBLW
=050  00$aPS3556.R529$bS73 1991
=082  00$a813/.54$220
=092  \\$bFRIE
=100  1\$aFriedman, Michael Jan.
=245  10$aReunion /$cMichael Jan Friedman.
=260  \\$aNew York :$bPocket Books,$c[1991], {copy}1991.
=300  \\$aviii, 343 pages ;$c23 cm.
=336  \\$atext$btxt$2rdacontent
=337  \\$aunmediated$bn$2rdamedia
=338  \\$avolume$bnc$2rdacarrier
=490  1\$aStar trek, the next generation
=730  0\$aStar trek, the next generation (Television program)
=830  \0$aStar trek, the next generation (Series)
=914  \\$a535550
=940  \\$aeng$lmulti$m-$cnyu
=945  \\$g4$hs$i0$p{dollar}19.00$o- -$t- -$u0$d- -$q28$lacmaf$s-$b32001000391375$y.i152818x
=945  \\$g9192$hd$i0$p{dollar}13.00$o- -$t- -$u0$d- -$q19$lacmaf$s-$b32001000203471$y.i1579265
=945  \\$g9495$h-$i0$p{dollar}5.50$o- -$t- -$u0$d- -$q15$lacmjy$s-$b32001000831131$y.i1844428
=945  \\$g9495$hd$i0$p{dollar}19.00$o- -$t- -$u0$d- -$q7$lstaf$s-$b32001000741439$y.i1877689

