=LDR  01489cam  2200397 a 4500
=001  138164
=005  20160612033446.0
=008  921116s1993\\\\nyu\\\\\\\\\\\000\1\eng\\
=010  \\$a   92043876 
=020  \\$a0553091867 :
=020  \\$a0553095005 (limited ed.)
=035  \\$a(OCoLC)92043876
=035  \\$a(XX-XxUND) .b1576823
=040  \\$cXX-XxUND$dUtOrBLW
=050  00$aPS3576.A33$bS73 1993
=082  00$a813/.54$220
=092  \\$bZAHN
=100  1\$aZahn, Timothy.
=245  14$aThe last command /$cTimothy Zahn.
=260  \\$aNew York :$bBantam Books,$c1993.
=300  \\$a407 pages ;$c24 cm.
=336  \\$atext$btxt$2rdacontent
=337  \\$aunmediated$bn$2rdamedia
=338  \\$avolume$bnc$2rdacarrier
=490  1\$aA Bantam spectra book
=490  1\$aStar wars ;$vv. 3
=500  \\$a1st series statement from jacket.
=526  \\$aAccelerated Reader$bUG$c6.1$d23$e23$z102833
=800  1\$aZahn, Timothy.$tStar wars;$vv. 3.
=830  \0$aBantam spectra book.
=914  \\$a539803
=940  \\$aeng$lmulti$m-$cnyu
=945  \\$g9293$hc$i0$p{dollar}21.95$o- -$t- -$u0$d- -$q53$lacmaf$s-$b32001000537415$y.i1651158
=945  \\$g9293$h-$i0$p{dollar}21.95$o07-22-99 10:29$t08-12-99$u138335$d- -$q47$lacmaf$s-$b32001000439737$nFri Jul 19 1996: Bill {dollar}24.95, lost by .p1194112$y.i1666903
=945  \\$g9394$h-$i0$p{dollar}5.99$o06-14-99 16:46$t08-02-99$u166141$d- -$q34$lacmjy$s-$b32001000975557$y.i1814217
=945  \\$g9495$h-$i0$p{dollar}5.99$o- -$t- -$u0$d- -$q1$lacmjy$s-$b32001000901520$y.i1828460

