=LDR  01023cam  2200313 a 4500
=001  138334
=005  20160612033451.0
=008  \\\\\\t19921992wiu\\\\\\\\\\\000\1\eng\\
=010  \\$a   91067658 
=020  \\$a1560765291 :
=035  \\$a(OCoLC)91067658
=035  \\$a(XX-XxUND) .b1618386
=040  \\$cXX-XxUND$dUtOrBLW
=050  00$aPS3569.A462345$bL44 1992
=082  00$a811/.54$220
=092  \\$bSALV
=100  1\$aSalvatore, R. A.,$d1959-
=245  14$aThe legacy /$cR.A. Salvatore.
=260  \\$aLake Geneva, WI :$bTSR,$c[1992], {copy}1992.
=300  \\$a316 pages ;$c23 cm.
=336  \\$atext$btxt$2rdacontent
=337  \\$aunmediated$bn$2rdamedia
=338  \\$avolume$bnc$2rdacarrier
=490  0\$aForgotten realms
=521  8\$a1180L$bLexile
=914  \\$a542169
=940  \\$aeng$lacmaf$m-$cwiu
=945  \\$g9293$hc$i0$p{dollar}15.95$o07-28-99 12:50$t08-18-99$u118998$d- -$q56$lacmaf$s-$b32001000143693$y.i1606177
=945  \\$g9798$hi$i0$p{dollar}6.99$o07-03-99 14:11$t08-10-99$u150462$d- -$q8$lacmaf$s-$b32001000853754$y.i2184722

