=LDR  01040cam  2200337 a 4500
=001  138808
=005  20160612033507.0
=008  \\\\\\s1993\\\\nyu\\\\\\\\\\\000\1\eng\\
=020  \\$a0553562738
=035  \\$a(OCoLC)94279798
=035  \\$a(XX-XxUND) .b173684x
=040  \\$cXX-XxUND$dUtOrBLW
=050  00$aPS3573.I45652$bD66 1992
=082  00$a813/.54$220
=092  \\$bWILL
=100  1\$aWillis, Connie.
=245  10$aDoomsday book /$cConnie Willis.
=250  \\$aBantam paperback ed.
=260  \\$aNew York :$bBantam Books,$c1993.
=300  \\$a578 pages ;$c18 cm
=336  \\$atext$btxt$2rdacontent
=337  \\$aunmediated$bn$2rdamedia
=338  \\$avolume$bnc$2rdacarrier
=526  \\$aAccelerated Reader$bUG$c5.4$d32$e32$z78258
=650  \0$aMiddle Ages$vFiction.
=650  \0$aBlack Death$vFiction.
=650  \0$aTime travel$vFiction.
=651  \0$aEurope$xHistory$y476-1492$vFiction.
=914  \\$a548847
=940  \\$aeng$lacmaf$m-$cnyu
=945  \\$g9394$hi$i0$p{dollar}5.99$o- -$t- -$u0$d- -$q13$lacmaf$s-$b32001000975987$y.i1813018

