=LDR  00818cam  2200265 a 4500
=001  139177
=005  20160611190427.0
=008  \\\\\\t19951995wiu\\\\\\\\\\\000\1\eng\d
=020  \\$a078690108X (pbk.) :
=035  \\$a(OCoLC)94060841
=035  \\$a(XX-XxUND) .b1810765
=040  \\$cXX-XxUND$dUtOrBLW
=092  \\$bGREE
=100  1\$aGreen, Roland J.
=245  10$aKnights of the crown /$cRoland Green.
=260  \\$aLake Geneva, WI :$bTSR,$c[1995], {copy}1995.
=300  \\$a316 pages ;$c18 cm.
=336  \\$atext$btxt$2rdacontent
=337  \\$aunmediated$bn$2rdamedia
=338  \\$avolume$bnc$2rdacarrier
=490  1\$aDragonlance saga. Warriors ;$vv. 1
=830  \0$aWarriors ;$vv. 1.
=914  \\$a553487
=940  \\$aeng$lacmaf$m-$cwiu
=945  \\$g9596$hi$i0$p{dollar}5.99$o- -$t- -$u0$d- -$q8$lacmaf$s-$b32001001004209$y.i1946511

