=LDR  02386cam  2200433Ia 4500
=001  139989
=005  20160611190514.0
=008  950522t19951994nyua\\\\\\\\\\000\1\eng\d
=010  \\$a   93039516 
=020  \\$a0553572393$q(pbk.)
=020  \\$a9780553572391$q(pbk.)
=020  \\$a0553096400 (hardback)
=020  \\$a9780553096408 (hardback)
=020  \\$a0553373358 (paperback)
=020  \\$a9780553373356 (paperback)
=035  \\$a(OCoLC)ocm32520112 
=035  \\$a(OCoLC)32520112
=040  \\$aABY$beng$cABY$dSLC$dIXA$dOCL$dOCLCQ$dBAKER$dBTCTA$dYDXCP$dOCLCQ$dSXC$dOCLCQ$dVRC$dOCLCO$dOCLCF$dZCU$dP4I$dGJG$dOCLCO$dOCLCQ$dUtOrBLW
=043  \\$azma----
=049  \\$aZPPA
=050  \4$aPS3568.O2893$bG73 1995
=082  04$a813.0876
=100  1\$aRobinson, Kim Stanley.
=245  10$aGreen mars /$cKim Stanley Robinson.
=250  \\$a1st pbk. ed.
=260  \\$aNew York :$bBantam Books,$c1995, {copy}1994.
=300  \\$a624 pages :$billustrations ;$c18 cm.
=336  \\$atext$btxt$2rdacontent
=337  \\$aunmediated$bn$2rdamedia
=338  \\$avolume$bnc$2rdacarrier
=490  1\$aMars trilogy ;$vbk. 2
=505  0\$a1. Areoformation -- 2. The ambassador -- 3. Long runout -- 4. The scientist as hero -- 5. Homeless -- 6. Tariqat -- 7. What is to be done? -- 8. Social engineering -- 9. The spur of the moment -- 10. Phase change.
=520  \\$a"In the Nebula Award winning Red Mars, Kim Stanley Robinson began his critically acclaimed epic saga of the colonization of Mars, Now the Hugo Award winning Green Mars continues the thrilling and timeless tale of humanity's struggle to survive at its farthest frontier.
=520  \\$aNearly a generation has passed since the first pioneers landed, but the transformation of Mars to an Earthlike planet has just begun The plan is opposed by those determined to preserve the planet's hostile, barren beauty. Led by rebels like Peter Clayborne, these young people are the first generation of children born on Mars. They will be joined by original settlers Maya Toitovna, Simon Frasier, and Sax Russell. Against this cosmic backdrop, passions, rivalries, and friendships explode in a story as spectacular as the planet itself."--Publisher's description.
=651  \0$aMars (Planet)$vFiction.
=655  \7$aScience fiction.$2gsafd
=800  1\$aRobinson, Kim Stanley.$tMars trilogy ;$vbk.2.
=914  \\$a562537
=994  \\$aC0$bZPP

