=LDR  01021cam  2200337Ia 4500
=001  141307
=005  20170217130501.0
=008  020719t19911991tnu\\\\\\\\\\\000\1\eng\d
=020  \\$a061363053X
=020  \\$a9780886773526
=020  \\$a0886773520
=020  \\$a9780886773526$c{dollar}7.99
=020  \\$a0886773520$c{dollar}7.99
=035  \\$a(OCoLC)ocm50198040
=040  \\$aTKL$cTKL$dOCLCQ$dUtOrBLW
=049  \\$aZPJA
=100  1\$aLackey, Mercedes.
=245  10$aMagic's pawn /$cMercedes Lackey.
=260  \\$aNew York, NY :$bDAW Books,$c[1991], {copy}1991.
=300  \\$a349 pages ;$c18 cm.
=336  \\$atext$btxt$2rdacontent
=337  \\$aunmediated$bn$2rdamedia
=338  \\$avolume$bnc$2rdacarrier
=490  1\$aDAW book collectors;$vno. 782
=490  1\$aThe Last herald-mage ;$vbk. 1
=526  \\$aAccelerated Reader$bUG$c6.8$d20$e20$z58297
=655  \7$aFantasy fiction.$2gsafd
=800  1\$aLackey, Mercedes.$tLast herald mage;$vbk. 1.
=830  \0$aDAW book collectors ;$vno. 782.
=914  \\$a573430
=994  \\$aC0$bZPJ

