=LDR  01589cam  22004094a 4500
=001  142027
=005  20160612033657.0
=008  990204t19991999nyuab\\\\\\\\\000\1\eng\\
=010  \\$a   99017726 
=020  \\$a0553110616
=020  \\$a9780553110616
=035  \\$a(OCoLC)ocm40754615 
=035  \\$a(OCoLC)40754615$z(OCoLC)43942183$z(OCoLC)52264128$z(OCoLC)731443277$z(OCoLC)868153003
=040  \\$dUtOrBLW
=050  00$aPS3558.E617$bD86 1999
=082  00$a813/.54$221
=100  1\$aHerbert, Brian.
=245  10$aDune.$pHouse Atreides /$cBrian Herbert and Kevin J. Anderson.
=246  3\$aHouse Atreides
=260  \\$aNew York :$bBantam Books,$c[1999], {copy}1999.
=300  \\$a604 pages :$billustrations, maps ;$c25 cm.
=336  \\$atext$btxt$2rdacontent
=337  \\$aunmediated$bn$2rdamedia
=338  \\$avolume$bnc$2rdacarrier
=490  1\$aA Bantam spectra book
=500  \\$aPrequel to: Dune / Frank Herbert.
=500  \\$aMaps of the North and South Polar Regions on endpapers.
=520  \\$aA prequel to Frank Herbert's Dune, written by his son, based on a recently found manuscript. It is the story of a paleontologist sent to study the planet Arrakis, home to spices which give longevity.
=521  8\$a800L$bLexile
=526  \\$aAccelerated Reader$bUG$c7.9$d36$e36$z85550
=650  \0$aDune (Imaginary place)$vFiction.
=650  \0$aScience fiction$vJuvenile literature.
=655  \7$aScience fiction.$2gsafd
=700  1\$aAnderson, Kevin J.,$d1962- .
=700  1\$aHerbert, Frank.$tDune.
=800  1\$aHerbert, Brian.$tPrelude to Dune ;$vbk. 1.
=914  \\$a577198

