=LDR  00861cam  2200301Ia 4500
=001  143082
=005  20160611190815.0
=008  991110t19991999nyu\\\\\\\\\\\000\f\eng\d
=010  \\$a   99095370 
=020  \\$a0380977079
=035  \\$a(OCoLC)ocm42803299
=040  \\$aCPL$cCPL$dOEK$dUtOrBLW
=049  \\$aOEKA
=090  \\$aPS3556.E446$bK67 1999x
=100  1\$aFeist, Raymond E.
=245  10$aKrondor, the assassins /$cRaymond E. Feist.
=246  3\$aAssassins
=260  \\$aNew York :$bAvon Eos,$c[1999], {copy}1999.
=300  \\$a374 pages ;$c25 cm.
=336  \\$atext$btxt$2rdacontent
=337  \\$aunmediated$bn$2rdamedia
=338  \\$avolume$bnc$2rdacarrier
=490  1\$aRiftwar legacy ;$vbk. 2
=650  \0$aMagicians$vFiction.
=650  \0$aTraitors$vFiction.
=800  1\$aFeist, Raymond E.$tRiftwar legacy;$vbk. 2.
=914  \\$a580597
=994  \\$aE0$bOEK

