=LDR  01050cam  2200325Ia 4500
=001  143650
=005  20160611190849.0
=008  990924t19991999nyub\\\\\\\\\\000\1\eng\d
=020  \\$a0312871953
=035  \\$a(OCoLC)ocm42427381
=040  \\$aB@L$cB@L$dKRL$dSLC$dIUK$dOEK$dUtOrBLW
=049  \\$aOEKA
=082  04$a813/.54$221
=090  \\$aPS3560.O7617$bF87 1999x
=100  1\$aJordan, Robert,$d1948-2007.
=245  14$aThe further chronicles of Conan /$cRobert Jordan.
=260  \\$aNew York, NY :$bTOR,$c[1999], {copy}1999.
=300  \\$a509 pages :$bmap ;$c25 cm
=336  \\$atext$btxt$2rdacontent
=337  \\$aunmediated$bn$2rdamedia
=338  \\$avolume$bnc$2rdacarrier
=500  \\$a"a TOM Doherty Associates Book"
=505  0\$aConan the magnificent -- Conan the triumphant -- Conan the victorious.
=600  \0$aConan$c(Fictitious character)$vFiction.
=650  \0$aFantasy fiction, American.
=740  02$aConan the magnificent.
=740  02$aConan the triumphant.
=740  02$aConan the victorious.
=914  \\$a582282
=994  \\$aE0$bOEK

