=LDR  01102cam  2200337Ia 4500
=001  144345
=005  20160612033819.0
=008  991008t19991999nyu\\\\\\\\\\\000\0\eng\d
=020  \\$a0345428447 :$c{dollar}24.95
=035  \\$a(OCoLC)ocm42596608
=040  \\$aIFA$cIFA$dZPP$dUtOrBLW
=049  \\$aZPPA
=092  \\$a813.54
=100  1\$aSalvatore, R. A.,$d1959-
=245  10$aVector prime /$cR. A. Salvatore.
=260  \\$aNew York, N.Y. :$bBallantine Publishing Group,$c[1999], {copy}1999.
=300  \\$a387 pages ;$c25 cm.
=336  \\$atext$btxt$2rdacontent
=337  \\$aunmediated$bn$2rdamedia
=338  \\$avolume$bnc$2rdacarrier
=490  1\$aStar wars. The new Jedi order
=521  8\$a1110L$bLexile
=526  \\$aAccelerated Reader$bUG$c8.2$d21$e21$z36207
=600  10$aSkywalker, Luke$c(Fictitious character)$vFiction.
=600  10$aOrgana, Leia$c(Fictitious character)$vFiction.
=600  10$aSolo, Han$c(Fictitious character)$vFiction.
=650  \0$aSpace warfare$vFiction.
=655  \7$aScience fiction.$2gsafd
=830  \0$aStar Wars, the new Jedi order.
=914  \\$a584465
=994  \\$aE0$bZPP

