=LDR  01088cam  22003138a 4500
=001  145471
=005  20160611191035.0
=008  990630s1999\\\\nyu\\\\\\\\\\\000\1\eng\\
=010  \\$a   99038362 
=020  \\$a0312872453 (alk. paper)
=035  \\$a(OCoLC)   99038362
=035  \\$a(WaOLN)12322770
=040  \\$aDLC$cDLC$dUtOrBLW
=050  00$aPS3515.E288$bA6 1999
=082  00$a813/.54$221
=100  1\$aHeinlein, Robert A.$q(Robert Anson),$d1907-1988.
=240  10$aShort stories.$kSelections
=245  14$aThe fantasies of Robert A. Heinlein /$cRobert A. Heinlein.
=250  \\$a1st ed.
=260  \\$aNew York :$bTor,$c1999.
=263  \\$a9911
=300  \\$apages ;$ccm.
=336  \\$atext$btxt$2rdacontent
=337  \\$aunmediated$bn$2rdamedia
=338  \\$avolume$bnc$2rdacarrier
=500  \\$a"A Tom Doherty Associates book."
=505  0\$aMagic, Inc. -- And he built a crooked house -- They -- Waldo -- The unpleasant profession of Jonathan Hoag -- Our fair city -- The man who traveled in elephants -- All you zombies.
=650  \0$aFantasy fiction, American.
=914  \\$a588263

