=LDR  01089cam  2200361Ia 4500
=001  145917
=005  20160612033916.0
=008  930816t19911991nyu\\\\\\\\\\\000\1\eng\d
=020  \\$a0451452259
=020  \\$a9780451452252
=035  \\$a(OCoLC)ocm28640383 
=035  \\$a(OCoLC)28640383$z(OCoLC)70079135
=040  \\$aKRL$cKRL$dOCL$dOCLCQ$dMUS$dP5Y$dTBL$dOCLCQ$dUtOrBLW
=049  \\$aOEKA
=050  \4$aPR6066.R34$bW58 1991b
=082  04$a[Fic]$2PRATCHETT, Terry
=100  1\$aPratchett, Terry.
=245  10$aWitches abroad /$cTerry Pratchett.
=260  \\$aNew York :$bPenguin,$c[1991], {copy}1991.
=300  \\$a252 pages ;$c22 cm.
=336  \\$atext$btxt$2rdacontent
=337  \\$aunmediated$bn$2rdamedia
=338  \\$avolume$bnc$2rdacarrier
=490  1\$aDiscworld novel
=500  \\$a"A ROC book."
=521  8\$a700L$bLexile
=650  \0$aDiscworld (Imaginary place)$vFiction.
=650  \0$aParanormal fiction.
=655  \7$aFantasy fiction.$2gsafd
=655  \7$aHumorous fiction.$2gsafd
=830  \0$aPratchett, Terry.$tDiscworld series.
=914  \\$a592441
=994  \\$aC0$bOEK

