=LDR  00838cam  2200241ua 4500
=001  145921
=005  20160611191101.0
=008  870522t19871987wiua\\\\\\\\\\000\1\eng\d
=020  \\$a0880384549
=035  \\$a(DLC)qce00477836
=035  \\$a(QCAT)lss05144451
=040  \\$dUPRA$dUtOrBLW
=245  00$aMagic of Krynn /$cedited by Margaret Weis and Tracy Hickman ; cover art by Larry Elmore ; Interior art by Steve Fabian.
=260  \\$aLake Geneva, WI :$bTSR ;$a[New York] :$b[Distributed by Random House],$c[1987], {copy}1987.
=300  \\$a352 pages :$billustrations ;$c18 cm.
=336  \\$atext$btxt$2rdacontent
=337  \\$aunmediated$bn$2rdamedia
=338  \\$avolume$bnc$2rdacarrier
=490  1\$aDragonlance tales.;$vv. 1
=650  \0$aShort stories.$2gsafd
=700  1\$aWeis, Margaret.
=830  \0$aDragonlance tales ;$vv. 1.
=914  \\$a592462

