=LDR  00683cam  2200241i  4500
=001  146051
=005  20160612033921.0
=008  160523||||||||||||||||||||||||||\|||||||
=020  \\$a0886777135
=035  \\$a(OCoLC)wln96143142
=035  \\$a(WaOLN)10245454
=040  \\$cXX-XxUND$dUtOrBLW
=100  1\$aLackey, Mercedes.
=245  10$aStorm breaking.
=260  \\$aDAW Books, Inc.,$c1996.
=300  \\$a435 pages.
=336  \\$atext$btxt$2rdacontent
=337  \\$aunmediated$bn$2rdamedia
=338  \\$avolume$bnc$2rdacarrier
=490  1\$aThe Mage storms ;$vbk 3
=526  \\$aAccelerated Reader$bUG$c8.2$d31$e31$z58304
=800  1\$aLackey, Mercedes.$tMage storms ;$vbk 3.
=914  \\$a593457

