=LDR  00954cam  2200301 a 4500
=001  146052
=005  20160612033922.0
=008  \\\\\\t19911968nyua\\\\\\\\\\000\1\eng\\
=010  \\$a   90007696 
=020  \\$a0451450523 :$c{dollar}6.95 ({dollar}9.95 Can.)
=035  \\$a(OCoLC)   90007696 //r95
=035  \\$a(WaOLN)6576056
=040  \\$aDLC$cDLC$dDLC$dUtOrBLW
=050  00$aPS3552.E13$bL37 1991
=082  00$a813/.54$220
=100  1\$aBeagle, Peter S.
=245  14$aThe last unicorn /$cPeter S. Beagle ; illustrated by Mel Grant.
=260  \\$aNew York, N.Y., U.S.A. :$bPenguin Books,$c{copy}1968 ([1991])
=300  \\$a212 pages :$billustrations ;$c23 cm
=336  \\$atext$btxt$2rdacontent
=337  \\$aunmediated$bn$2rdamedia
=338  \\$avolume$bnc$2rdacarrier
=500  \\$a"A ROC book."
=521  8\$aGN570L$bLexile
=526  \\$aAccelerated Reader$bUG$c6.2$d11$e11$z70085
=650  \0$aUnicorns$vFiction.
=655  \7$aFantasy fiction.$2gsafd
=914  \\$a593464

