=LDR  00932cam  2200289Ia 4500
=001  146103
=005  20160612033923.0
=008  961005s1996\\\\nyuab\\\\\\\\\000\1\eng\d
=020  \\$a0886777127 (pbk.) :$c{dollar}5.99
=035  \\$a(OCoLC)ocm35687370
=040  \\$aIHI$cIHI$dOCL$dOEK$dUtOrBLW
=049  \\$aOEKA
=100  1\$aLackey, Mercedes.
=245  10$aStorm rising /$cMercedes Lackey.
=260  \\$aNew York :$bDAW Books :$bDistributed by Penguin USA,$c1996.
=300  \\$a412 pages :$billustrations, map ;$c18 cm.
=336  \\$atext$btxt$2rdacontent
=337  \\$aunmediated$bn$2rdamedia
=338  \\$avolume$bnc$2rdacarrier
=490  1\$aThe Mage storms ;$vbk. 2
=526  \\$aAccelerated Reader$bUG$c7.8$d24$e24$z58305
=650  \0$aValdemar (Imaginary place)$vFiction.
=650  \0$aMagic$vFiction.
=655  \7$aFantasy fiction.$2gsafd
=800  1\$aLackey, Mercedes.$tMage storms;$vbk. 2.
=914  \\$a594165
=994  \\$aE0$bOEK

