=LDR  00983cam  2200325 a 4500
=001  146246
=005  20160612033928.0
=008  \\\\\\r1990\\\\nyua\\\\\\\\\\000\1\eng\d
=020  \\$a0345367693 :$c{dollar}5.95
=035  \\$a(OCoLC)wln90345579
=035  \\$a(WaOLN)6757104
=040  \\$aWaMaS$cWaMaS$dUtOrBLW
=082  04$a813/.54$219
=100  1\$aEddings, David.
=245  14$aThe diamond throne /$cDavid Eddings.
=250  \\$a1st mass market ed.
=260  \\$aNew York :$bBallantine Books,$c1990.
=300  \\$a435 pages ;$c18 cm.
=336  \\$atext$btxt$2rdacontent
=337  \\$aunmediated$bn$2rdamedia
=338  \\$avolume$bnc$2rdacarrier
=490  1\$aThe Elenium ;$vbk. 1
=500  \\$a"A Del Rey book."
=526  \\$aAccelerated Reader$bUG$c5.4$d20$e20$z60047
=650  \0$aMagicians$vFiction.
=650  \0$aMagic$vFiction.
=650  \0$aKings and rulers$vFiction.
=650  \0$aQuests (Expeditions)$vFiction.
=800  1\$aEddings, David.$tElenium;$vbk. 1.
=914  \\$a596127

