=LDR  00640cam  2200229i  4500
=001  146255
=005  20160611191120.0
=008  160523||||||||||||||||||||||||||\|||||||
=020  \\$a0886777437
=035  \\$a(OCoLC)wln97057971
=035  \\$a(WaOLN)10801669
=040  \\$cXX-XxUND$dUtOrBLW
=100  1\$aBradley, Marion Zimmer.
=245  14$aThe shadow matrix.
=260  \\$aDAW,$c1997.
=300  \\$a512 pages
=336  \\$atext$btxt$2rdacontent
=337  \\$aunmediated$bn$2rdamedia
=338  \\$avolume$bnc$2rdacarrier
=650  \0$aDarkover (Imaginary place)$vFiction.
=800  1\$aBradley, Marion Zimmer.$tDarkover novel ;$v21.
=914  \\$a596269

