=LDR  00921cam  22003018a 4500
=001  146318
=005  20160611191124.0
=008  970715s1997\\\\nyu\\\\\\\\\\\000\1\eng\\
=010  \\$a   97029705 
=020  \\$a0786704934
=035  \\$a(OCoLC)   97029705
=035  \\$a(WaOLN)11045286
=040  \\$aDLC$cDLC$dUtOrBLW
=050  00$aPS648.T55$bT55 1997
=082  00$a813/.087620838$221
=245  00$aTime machines :$bthe anthology of the best time travel stories ever written /$cedited by Bill Adler, Jr.
=250  \\$a1st Carroll & Graf ed.
=260  \\$aNew York :$bCarroll & Graf,$c1997.
=263  \\$a9712
=300  \\$apages ;$ccm.
=336  \\$atext$btxt$2rdacontent
=337  \\$aunmediated$bn$2rdamedia
=338  \\$avolume$bnc$2rdacarrier
=650  \0$aTime travel$vFiction.
=650  \0$aScience fiction, American.
=650  \0$aScience fiction, English.
=700  1\$aAdler, Bill,$cJr.,$d1957-
=914  \\$a596869

