=LDR  00897cam  2200301 a 4500
=001  146385
=005  20160611191127.0
=008  \\\\\\s1995\\\\nyu\\\\\\\\\\\000\1\eng\d
=020  \\$a0553569376 (pbk.)
=035  \\$a(UPRA)wln95060361
=035  \\$a(WaOLN)9683341
=040  \\$aWaV$cWaV$dUtOrBLW
=082  04$a813/.54$220
=100  1\$aWolverton, Dave.
=245  14$aThe courtship of Princess Leia /$cDave Wolverton.
=250  \\$aBantam pbk. ed.
=260  \\$aNew York :$bBantam Books,$c[1995]
=300  \\$a374 pages ;$c18 cm.
=336  \\$atext$btxt$2rdacontent
=337  \\$aunmediated$bn$2rdamedia
=338  \\$avolume$bnc$2rdacarrier
=490  1\$aStar wars
=500  \\$a"Spectra."
=600  10$aOrgana, Leia$c(Fictitious character)$vFiction.
=650  \0$aStar Wars fiction.
=655  \7$aScience fiction.$2gsafd
=830  \0$aStar wars (Bantam Books (Firm) : Unnumbered)
=914  \\$a597983

