=LDR  00877cam  2200289 a 4500
=001  146401
=005  20160611191128.0
=008  \\\\\\r1995\\\\nyu\\\\\\\\\\\000\1\eng\d
=020  \\$a0812535154 :$c{dollar}5.99
=035  \\$a(UPRA)wln96051496
=035  \\$a(WaOLN)9870153
=040  \\$aWaBr$cWaBr$dUtOrBLW
=082  04$a813/.54$220
=100  1\$aCarver, Jeffrey A.
=245  10$aNeptune crossing /$cJeffrey A. Carver.
=250  \\$a1st mass market ed.
=260  \\$aNew York :$bTOR,$c1995.
=300  \\$a383 pages ;$c18 cm.
=336  \\$atext$btxt$2rdacontent
=337  \\$aunmediated$bn$2rdamedia
=338  \\$avolume$bnc$2rdacarrier
=490  1\$aThe Chaos chronicles ;$vv. 1
=500  \\$a"A Tom Doherty Associates book."
=650  \0$aLife on other planets$vFiction.
=655  \7$aScience fiction.$2gsafd
=800  1\$aCarver, Jeffrey A.$tChaos chronicles;$vv. 1.
=914  \\$a598253

