=LDR  00907cam  2200313 a 4500
=001  146530
=005  20160611191136.0
=008  970416t19971997nyu\\\\\\\\\\\000\1\eng\\
=010  \\$a   97019383 
=020  \\$a0312863152
=035  \\$a(UPRA)   97019383
=035  \\$a(WaOLN)10915103
=040  \\$aDLC$cDLC$dWaV$dUtOrBLW
=043  \\$ae-dk---
=050  00$aPS3551.N378$bW37 1997
=082  00$a813/.54$221
=100  1\$aAnderson, Poul,$d1926-2001.
=245  10$aWar of the Gods /$cPoul Anderson.
=250  \\$a1st ed.
=260  \\$aNew York :$bTOR,$c[1997], {copy}1997.
=300  \\$a304 pages ;$c22 cm
=336  \\$atext$btxt$2rdacontent
=337  \\$aunmediated$bn$2rdamedia
=338  \\$avolume$bnc$2rdacarrier
=500  \\$a"A Tom Doherty Associates book."
=650  \0$aVikings$vFiction.
=651  \0$aDenmark$xHistory$yTo 1241$vFiction.
=651  \0$aDenmark$xKings and rulers$vFiction.
=914  \\$a599715

