=LDR  00854cam  2200277 a 4500
=001  146567
=005  20160611191138.0
=008  960723s1997\\\\nyu\\\\\\\\\\\000\1\eng\\
=010  \\$a   96030716 
=020  \\$a0312862040
=035  \\$a(DLC)   96030716 //r973
=035  \\$a(WaOLN)10328341
=040  \\$aDLC$cDLC$dDLC$dOCoLC$dDLC$dOCoLC$dDLC$dUtOrBLW
=050  00$aPS3569.H39253$bB55 1997
=082  00$a813/.54$220
=100  1\$aSheffield, Charles.
=245  14$aThe billion dollar boy :$ba Jupiter novel /$cCharles Sheffield.
=260  \\$aNew York :$bTor,$c1997.
=300  \\$a255 pages ;$c22 cm
=336  \\$atext$btxt$2rdacontent
=337  \\$aunmediated$bn$2rdamedia
=338  \\$avolume$bnc$2rdacarrier
=500  \\$a"A Tom Doherty Associates book."
=650  \0$aTwenty-second century$vFiction.
=655  \7$aScience fiction.$2gsafd
=914  \\$a600252

