=LDR  00779cam  2200277 a 4500
=001  146662
=005  20160612033943.0
=008  980128s1998\\\\nyu\\\\\\\\\\\000\1\eng\\
=010  \\$a   98005471 
=020  \\$a0345379632 (alk. paper)
=035  \\$a(OCoLC)   98005471 //r98
=035  \\$a(WaOLN)11428460
=040  \\$aDLC$cDLC$dDLC$dOCoLC$dUtOrBLW
=050  00$aPS3552.R6596$bK65 1998
=082  00$a813/.54$221
=100  1\$aBrooks, Terry.
=245  12$aA Knight of the Word /$cTerry Brooks.
=250  \\$a1st ed.
=260  \\$aNew York :$bDel Rey,$c1998.
=300  \\$a309 pages ;$c25 cm
=336  \\$atext$btxt$2rdacontent
=337  \\$aunmediated$bn$2rdamedia
=338  \\$avolume$bnc$2rdacarrier
=521  8\$a900L$bLexile
=650  \0$aGood and evil$vFiction.
=914  \\$a601363

