=LDR  01017cam  2200325 a 4500
=001  146781
=005  20160612033947.0
=008  830401s1983\\\\nyub\\\\\\\\\\000\1\eng\\
=010  \\$a   83004630 
=020  \\$a0345298748 :$c{dollar}14.95
=035  \\$a(OCoLC)   83004630 //r952
=035  \\$a(WaOLN)2742053
=040  \\$aDLC$cDLC$dDLC$dOCoLC$dDLC$dUtOrBLW
=050  00$aPS3563.A255$bM6 1983
=082  00$a813/.54$219
=100  1\$aMcCaffrey, Anne.
=245  10$aMoreta, dragonlady of Pern /$cAnne McCaffrey.
=250  \\$a1st ed.
=260  \\$aNew York :$bBallantine Books,$c1983.
=300  \\$axiv, 286 pages :$bmap ;$c22 cm
=336  \\$atext$btxt$2rdacontent
=337  \\$aunmediated$bn$2rdamedia
=338  \\$avolume$bnc$2rdacarrier
=500  \\$a"A Del Rey book."
=526  \\$aAccelerated Reader$bUG$c6.4$d19$e19$z59251
=650  \0$aPern (Imaginary place)$vFiction.
=650  \0$aDragons$vFiction.
=655  \7$aScience fiction.$2gsafd
=800  1\$aMcCaffrey, Anne.$tDragonriders of Pern;$v8.
=914  \\$a602795

