=LDR  00954cam  2200301 a 4500
=001  146808
=005  20160611191151.0
=008  \\\\\\s1999\\\\wiu\\\\\\\\\\\000\1\eng\d
=020  \\$a0786913142
=035  \\$a(OCoLC)wln99011525
=035  \\$a(WaOLN)12097523
=040  \\$aWaBeCo$cWaBeCo$dUtOrBLW
=082  04$a813/.54$221
=100  1\$aWeis, Margaret.
=245  14$aThe soulforge /$cMargaret Weis ; [foreword by Tracy Hickman].
=246  3\$asoul forge.
=250  \\$a1st pbk. ed.
=260  \\$a[Lake Geneva, Wis.] :$bTSR ;$aRenton, WA :$bDistributed worldwide by Wizards of the Coast,$c1999.
=300  \\$a408 pages ;$c18 cm.
=336  \\$atext$btxt$2rdacontent
=337  \\$aunmediated$bn$2rdamedia
=338  \\$avolume$bnc$2rdacarrier
=490  0\$aDragonlance saga
=500  \\$aPrequel to the Chronicles trilogy.
=500  \\$a"Fantasy"--Spine.
=650  \0$aKrynn (Imaginary place)$vFiction.
=655  \7$aFantasy fiction.$2gsafd
=914  \\$a603107

