=LDR  01642cam  2200373 a 4500
=001  146816
=005  20160611191152.0
=008  \\\\\\t19831983nyua\\\\\\\\\\000\1\eng\\
=010  \\$a   83016640 
=020  \\$a0517552000 :$c{dollar}15.95
=035  \\$a(OCoLC)   83016640 //r952
=035  \\$a(WaOLN)2870608
=040  \\$aDLC$cDLC$dDLC$dOCoLC$dDLC$dUtOrBLW
=050  00$aPR6051.D3352$bA6 1983
=082  00$a823/.914$219
=100  1\$aAdams, Douglas,$d1952-2001.
=245  14$aThe hitchhiker's trilogy /$cDouglas Adams.
=250  \\$aOmnibus ed., 1st ed.
=260  \\$aNew York :$bHarmony Books,$c[1983], {copy}1983.
=300  \\$axi, 468 pages :$billustrations ;$c24 cm
=336  \\$atext$btxt$2rdacontent
=337  \\$aunmediated$bn$2rdamedia
=338  \\$avolume$bnc$2rdacarrier
=500  \\$aOriginally published (1st work) : The hitchhiker's guide to the galaxy. 1st American ed. New York : Harmony Books, 1980, c1979.
=500  \\$aOriginally published (2nd work): The restaurant at the end of the universe. 1st American ed. New York : Harmony Books, 1981, c1980.
=500  \\$aOriginally published (3rd work): Life, the universe, and everything. 1st ed. New York : Harmony Books, c1982.
=600  \0$aPrefect, Ford$vFiction.
=600  \0$aDent, Arthur$c(Fictitious character)$vFiction.
=650  \0$aHumorous stories, English.
=650  \0$aScience fiction, English.
=700  1\$aAdams, Douglas,$d1952-2001.$tHitchhiker's guide to the galaxy (Radio plays)
=700  1\$aAdams, Douglas,$d1952-2001.$tRestaurant at the end of the universe.
=700  1\$aAdams, Douglas,$d1952-2001.$tLife, the universe, and everything.
=914  \\$a603268

