=LDR  00655cam  2200205ua 4500
=001  147131
=005  20160611191210.0
=008  890617t19881988nyu\\\\\\\\\\\000\1\eng\d
=035  \\$a(DLC)mtr02746805
=040  \\$dUPRA$dUtOrBLW
=100  1\$aAdams, Douglas,$d1952-2001.
=245  14$aThe long dark tea-time of the soul /$cDouglas Adams.
=250  \\$a[Book club ed.].
=260  \\$aNew York :$bSimon and Schuster,$c[1988], {copy}1988.
=300  \\$a211 pages ;$c22 cm
=336  \\$atext$btxt$2rdacontent
=337  \\$aunmediated$bn$2rdamedia
=338  \\$avolume$bnc$2rdacarrier
=500  \\$aOriginally published in Great Britain by William Heinemann Ltd.
=914  \\$a607136

