=LDR  01083cam  2200313ua 4500
=001  147133
=005  20160611191210.0
=008  821123m19511953nyu\\\\\\\\\\\000\1\eng\d
=035  \\$a(DLC)qce01986746
=035  \\$a(QCAT)lss03601705
=040  \\$dUPRA$dUtOrBLW
=100  1\$aAsimov, Isaac,$d1920-1992.
=245  14$aThe foundation trilogy :$bthree classics of science fiction /$cby Isaac Asimov.
=260  \\$aGarden City, NY :$bDoubleday,$c[1951-53]
=300  \\$a225 pages ;$c22 cm.
=336  \\$atext$btxt$2rdacontent
=337  \\$aunmediated$bn$2rdamedia
=338  \\$avolume$bnc$2rdacarrier
=490  1\$aDoubleday science fiction
=505  0\$aFoundation -- Foundation and empire -- Second foundation.
=655  \7$aScience fiction.$2gsafd
=700  1\$aAsimov, Isaac,$d1920-1992.$tFoundation.
=700  1\$aAsimov, Isaac,$d1920-1992.$tFoundation and empire.
=700  1\$aAsimov, Isaac,$d1920-1992.$tSecond foundation.
=740  0\$aFoundation.
=740  0\$aFoundation and empire.
=740  0\$aSecond foundation.
=830  \0$aDoubleday science fiction.
=914  \\$a607173

