=LDR  00933cam  2200301 a 4500
=001  147134
=005  20160611191210.0
=008  910926s1992\\\\nyu\\\\\\\\\\\000\1\eng\\
=010  \\$a   91037281 
=020  \\$a0312850247 (alk. paper) :$c{dollar}19.95
=035  \\$a(DLC)lce02643853
=035  \\$a(DLC) 91037281
=040  \\$aDLC$cDLC$dOCoLC$dDLC$dUtOrBLW
=050  00$aPS3552.O84$bT75 1992
=082  00$a813/.54$220
=100  1\$aBova, Ben,$d1932-
=245  14$aThe trikon deception /$cBen Bova and Bill Pogue.
=260  \\$aNew York :$bTom Doherty Associates,$c1992.
=300  \\$a309 pages ;$c24 cm
=336  \\$atext$btxt$2rdacontent
=337  \\$aunmediated$bn$2rdamedia
=338  \\$avolume$bnc$2rdacarrier
=500  \\$a"A Tom Doherty Associates Book."
=650  \0$aSpace stations$vFiction.
=650  \0$aGenetic engineering$vFiction.
=655  \7$aScience fiction.$2gsafd
=700  1\$aPogue, John Wilbur,$d1909-
=914  \\$a607199

