=LDR  00798cam  2200253ua 4500
=001  147202
=005  20160612034003.0
=008  870126t19801979nyu\\\\\\\\\\\000\1\eng\d
=035  \\$a(DLC)qce02616202
=035  \\$a(QCAT)lss05038387
=040  \\$dUPRA$dUtOrBLW
=100  1\$aMcCaffrey, Anne.
=245  10$aDragondrums.
=260  \\$aNew York :$bBantam Books,$c1980, {copy}1979.
=300  \\$a193 pages :$bmap ;$c18 cm.
=336  \\$atext$btxt$2rdacontent
=337  \\$aunmediated$bn$2rdamedia
=338  \\$avolume$bnc$2rdacarrier
=490  1\$aHarper Hall Trilogy ;$vv. 3
=500  \\$aOther volumes in the trilogy are: Dragonsong and Dragonsinger.
=521  8\$a1120L$bLexile
=526  \\$aAccelerated Reader$bUG$c7.5$d12$e12$z6912
=800  1\$aMcCaffrey, Anne.$tHarper Hall trilogy;$vv. 3.
=914  \\$a608292

