=LDR  01101cam  2200373 a 4500
=001  147203
=005  20160612034003.0
=008  890821s1988\\\\nyu\\\\\\\\\\\000\1\eng\\
=010  \\$a   88047806 
=020  \\$a0345331605 :$c{dollar}18.95
=020  \\$a9780345331601
=035  \\$a(OCoLC)ocm17982185 
=040  \\$aDLC$cDLC$dOCL$dBTCTA$dBAKER$dYDXCP$dZPJ$dUtOrBLW
=049  \\$aZPJA
=050  00$aPS3563.A255$bD76 1988
=082  00$a813/.54$219
=100  1\$aMcCaffrey, Anne.
=245  10$aDragonsdawn /$cAnne McCaffrey.
=250  \\$a1st ed.
=260  \\$aNew York :$bBallantine Books,$c1988.
=300  \\$a431 pages ;$c24 cm
=336  \\$atext$btxt$2rdacontent
=337  \\$aunmediated$bn$2rdamedia
=338  \\$avolume$bnc$2rdacarrier
=500  \\$a"A Del Rey book."
=521  8\$a960L$bLexile
=526  \\$aAccelerated Reader$bUG$c7.5$d25$e25$z59246
=650  \0$aPern (Imaginary place)$vFiction.
=650  \0$aLife on other planets$vFiction.
=650  \0$aSpace colonies$vFiction.
=650  \0$aDragons$vFiction.
=655  \7$aScience fiction.$2gsafd
=914  \\$a608295
=994  \\$aC0$bZPJ

