=LDR  00814cam  2200229ui 4500
=001  147204
=005  20160612034003.0
=008  840125t19771977nyu\\\\\\\\\\\000\0\eng\d
=035  \\$a(OCoLC)qce02488420
=035  \\$a(QCAT)lss03992085
=040  \\$dUPRA$dUtOrBLW
=100  1\$aMcCaffrey, Anne.
=245  10$aDragonsinger.
=260  \\$aNew York :$bBantam Books,$c[1977], {copy}1977.
=300  \\$a240 pages ;$ccm.
=336  \\$atext$btxt$2rdacontent
=337  \\$aunmediated$bn$2rdamedia
=338  \\$avolume$bnc$2rdacarrier
=520  \\$aPursuing her dream to be a Harper of Pern, Menolly studies under the Masterharper learning that more is required than a facility with music and a clever way with words. Sequel to Dragonsong.
=521  8\$a920L$bLexile
=526  \\$aAccelerated Reader$bUG$c6.7$d13$e13$z6913
=914  \\$a608296

