=LDR  00957cam  2200253ua 4500
=001  147205
=005  20160612034003.0
=008  840207r1977\\\\oncb\\\j\\\\\\000\1\eng\d
=020  \\$a0553234609 (pbk.)
=035  \\$a(OCoLC)qce02595770
=035  \\$a(QCAT)lss04847832
=040  \\$dUPRA$dUtOrBLW
=100  1\$aMcCaffrey, Anne.
=245  10$aDragonsong /$cby Anne McCaffrey.
=260  \\$aToronto ;$aNew York :$bBantam Books,$c1977.
=300  \\$axiii, 176 pages :$bmap ;$c18 cm
=336  \\$atext$btxt$2rdacontent
=337  \\$aunmediated$bn$2rdamedia
=338  \\$avolume$bnc$2rdacarrier
=520  \\$aForbidden by her father to indulge in music in any way, a girl on the planet Pern runs away, taking shelter with the planet's fire lizards who, along with her music, open a new life for her.
=521  8\$a960L$bLexile
=526  \\$aAccelerated Reader$bUG$c6.8$d9$e9$z6914
=534  \\$pReprint. Originally published:$cNew York : Atheneum, 1976.
=914  \\$a608297

