=LDR  00904cam  2200301 a 4500
=001  147206
=005  20160611191214.0
=008  921014s1993\\\\nyu\\\\\\\\\\\000\1\eng\\
=010  \\$a   92054992 
=020  \\$a0345381734 :$c{dollar}20.00 ({dollar}26.00 Can.)
=035  \\$a(DLC)lce02680903
=035  \\$a(DLC) 92054992
=040  \\$aDLC$cDLC$dOCoLC$dUtOrBLW
=050  00$aPS3563.A255$bP68 1993
=082  00$a813/.54$220
=100  1\$aMcCaffrey, Anne.
=245  10$aPowers that be /$cAnne McCaffrey, Elizabeth Ann Scarborough.
=250  \\$a1st ed.
=260  \\$aNew York :$bBallantine Books,$c1993.
=300  \\$a311 pages ;$c25 cm
=336  \\$atext$btxt$2rdacontent
=337  \\$aunmediated$bn$2rdamedia
=338  \\$avolume$bnc$2rdacarrier
=500  \\$a"A Del Rey book."
=650  \0$aGenetic engineering$vFiction.
=655  \7$aScience fiction.$2gsafd
=700  1\$aScarborough, Elizabeth Ann.
=914  \\$a608305

