=LDR  01076cam  2200337 a 4500
=001  147208
=005  20160611191214.0
=008  900404t19901990nyu\\\\\\\\\\\000\1\eng\\
=010  \\$a   90035865 
=020  \\$a0399135707 (alk. paper) :$c{dollar}19.95 ({dollar}25.95 Can.)
=020  \\$a9780399135705 (alk. paper)
=035  \\$a(OCoLC)ocm21448140 
=035  \\$a(OCoLC)21448140
=040  \\$aDLC$cDLC$dOCL$dBTCTA$dYDXCP$dBAKER$dXY4$dAZH$dUtOrBLW
=049  \\$aMAIN
=050  00$aPS3563.A255$bR6 1990
=082  00$a813/.54$220
=100  1\$aMcCaffrey, Anne.
=245  14$aThe Rowan /$cAnne McCaffrey.
=260  \\$aNew York :$bAce/Putnam,$c[1990], {copy}1990.
=300  \\$a335 pages ;$c24 cm
=336  \\$atext$btxt$2rdacontent
=337  \\$aunmediated$bn$2rdamedia
=338  \\$avolume$bnc$2rdacarrier
=520  \\$aThis novel is set in a world where existence depends on telepathy and telekinetics.
=530  \\$aAlso issued online.
=650  \0$aTelepathy$vFiction.
=650  \0$aPsychic ability$vFiction.
=655  \7$aScience fiction.$2gsafd
=914  \\$a608307
=994  \\$aC0$bEMMET

