=LDR  00896cam  2200289 a 4500
=001  147214
=005  20160611191215.0
=008  920109s1992\\\\nyu\\\\\\\\\\\000\1\eng\\
=010  \\$a   92000857 
=020  \\$a0312851391 (acid-free paper) :$c{dollar}19.95 ({dollar}25.95 CAN)
=035  \\$a(DLC)lce02684981
=035  \\$a(DLC) 92000857 //r94
=040  \\$aDLC$cDLC$dOCoLC$dDLC$dUtOrBLW
=050  00$aPS3569.H39253$bC64 1992
=051  \\$aPS3569.H39253$bC64 1992 Copy 2$cCopy 2. Signed by author.
=082  00$a813/.54$220
=100  1\$aSheffield, Charles.
=245  10$aCold as ice /$cCharles Sheffield.
=250  \\$a1st ed.
=260  \\$aNew York :$bTor,$c1992.
=300  \\$a308 pages ;$c25 cm
=336  \\$atext$btxt$2rdacontent
=337  \\$aunmediated$bn$2rdamedia
=338  \\$avolume$bnc$2rdacarrier
=500  \\$a"A Tom Doherty Associates book."
=655  \7$aScience fiction.$2gsafd
=914  \\$a608353

