=LDR  01113cam  22003018a 4500
=001  147257
=005  20160611191217.0
=008  901204r19911934nyu\\\\\\\\\\\000\1\eng\\
=010  \\$a   90026149 
=020  \\$a0517052253
=035  \\$a(DLC)lce02591080
=035  \\$a(DLC) 90026149
=040  \\$aDLC$cDLC$dDLC$dUtOrBLW
=050  10$aPR5772$b1991
=082  00$a823/.912$220
=100  1\$aWells, H. G.$q(Herbert George),$d1866-1946.
=240  10$aWorks.$kSelections.$f1991
=245  14$aThe complete science fiction treasury of H.G. Wells /$cwith a preface by the author.
=260  \\$aNew York :$bAvenel Books :$bDistributed by Outlet Book Co.,$c1991.
=263  \\$a9102
=300  \\$apages ;$ccm.
=336  \\$atext$btxt$2rdacontent
=337  \\$aunmediated$bn$2rdamedia
=338  \\$avolume$bnc$2rdacarrier
=500  \\$aOriginally published as: Seven famous novels.
=505  0\$aThe time machine -- The island of Dr. Moreau -- The invisible man -- The war of the worlds -- The first men in the moon -- The food of the gods -- In the days of the comet.
=650  \0$aScience fiction, English.
=914  \\$a608719

