=LDR  00892cam  2200301Ia 4500
=001  148160
=005  20160612034037.0
=008  980605t19981997nyu\\\\\\\\\\\000\1\eng\d
=020  \\$a0345422589 (pbk.)
=035  \\$a(OCoLC)ocm39231365
=040  \\$aYVO$cYVO$dDAY$dOEK$dUtOrBLW
=049  \\$aOEKA
=090  \\$aPS3552.R6596$bR86 1998
=100  1\$aBrooks, Terry.
=245  10$aRunning with the demon /$cTerry Brooks.
=260  \\$aNew York :$bBallantine Books,$c1998, {copy}1997.
=300  \\$a434 pages ;$c18 cm
=336  \\$atext$btxt$2rdacontent
=337  \\$aunmediated$bn$2rdamedia
=338  \\$avolume$bnc$2rdacarrier
=500  \\$a"A Del Rey book".
=521  8\$a890L$bLexile
=526  \\$aAccelerated Reader$bUG$c5.8$d23$e23$z85313
=650  \0$aScience fiction, American.
=655  \7$aFantasy fiction.$2gsafd
=655  \7$aDidactic fiction.$2gsafd
=914  \\$a614572
=994  \\$aE0$bOEK

