=LDR  01107cam  22003138a 4500
=001  148164
=005  20170108014523.0
=008  990622t19991999nyu\\\\\\\\\\\000\1\eng\\
=010  \\$a   99036983 
=020  \\$a0380809060
=035  \\$a(OCoLC)ocm41711986
=040  \\$aDLC$cDLC$dH{dollar}Y$dUtOrBLW
=049  \\$aH{dollar}YA
=050  00$aPS3576.E43$bG7 1999
=082  00$a813/.54$221
=100  1\$aZelazny, Roger.
=245  14$aThe great book of Amber :$bthe complete Amber chronicles, 1-10 /$cRoger Zelazny.
=260  \\$aNew York :$bAvon Books,$c[1999], {copy}1999.
=263  \\$a9912
=300  \\$a1,258 pages ;$c23 cm
=336  \\$atext$btxt$2rdacontent
=337  \\$aunmediated$bn$2rdamedia
=338  \\$avolume$bnc$2rdacarrier
=505  0\$aNine princes in amber -- The guns of Avalon -- Sign of the unicorn -- The hand of Oberon -- The courts of chaos -- Trumps of doom -- Blood of amber -- Sign of chaos -- Knight of shadows -- Prince of chaos.
=650  \0$aAmber (Imaginary place)$vFiction.
=650  \0$aFantasy fiction, American.
=650  \0$aScience fiction, American.
=914  \\$a614578
=994  \\$a02$bH{dollar}Y

