=LDR  00881cam  2200313Ka 4500
=001  148952
=005  20160611191356.0
=008  950124t19941994nyu\\\\\\\\\\\000\0\eng\d
=020  \\$c{dollar}15.00
=020  \\$a0553568922 (pbk)
=035  \\$a(OCoLC)ocm31879439
=040  \\$aFTL$cFTL$dUtOrBLW
=049  \\$aOEKA
=100  1\$aZahn, Timothy.
=245  10$aConquerors' pride /$cTimothy Zahn.
=260  \\$aNew York :$bBantam Books,$c[1994], {copy}1994.
=300  \\$a389 pages ;$c18 cm.
=336  \\$atext$btxt$2rdacontent
=337  \\$aunmediated$bn$2rdamedia
=338  \\$avolume$bnc$2rdacarrier
=490  1\$aA Bantam spectra book
=650  \0$aAir pilots, Military$vFiction.
=650  \0$aEnglish fiction.
=651  \0$aUnited States.
=655  \7$aAdventure fiction.$2gsafd
=655  \7$aScience fiction.$2gsafd
=830  \0$aBantam spectra book.
=914  \\$a616988
=994  \\$aX0$bOEK

