=LDR  01361cam  2200397 a 4500
=001  149254
=005  20160611191414.0
=008  991005s2000\\\\nyu\\\\\\\\\\\000\1\eng\\
=010  \\$a   99051784 
=020  \\$a0312866291
=035  \\$a(OCoLC)ocm42692079
=040  \\$aDLC$cDLC$dSVP$dC#P$dOEK$dUtOrBLW
=043  \\$ae-gr---
=049  \\$aOEKA
=050  00$aPS3569.A215$bA75 2000
=082  00$a813/.54$221
=100  1\$aSaberhagen, Fred,$d1930-2007.
=245  10$aAriadne's web /$cFred Saberhagen.
=250  \\$a1st ed.
=260  \\$aNew York :$bTor,$c2000.
=300  \\$a412 pages ;$c22 cm.
=336  \\$atext$btxt$2rdacontent
=337  \\$aunmediated$bn$2rdamedia
=338  \\$avolume$bnc$2rdacarrier
=490  1\$aThe second book of the gods
=500  \\$a"A Tom Doherty Associates book."
=520  0\$aAriadne, the daughter of King Minos, conspires to rescue the man she loves from the gods' sacrificial altar, but their troubles increase when Dionysus intervenes.  
=650  \0$aAriadne (Greek mythology)$vFiction.
=650  \0$aMinotaur (Greek mythology)$vFiction.
=600  \0$aTheseus,$cKing of Athens$vFiction.
=651  \0$aCrete (Greece)$vFiction.
=655  \7$aHistorical fiction.$2gsafd
=655  \7$aFantasy fiction.$2gsafd
=800  1\$aSaberhagen, Fred,$d1930-2007.$tBook of the gods;$v2.
=914  \\$a618034
=994  \\$aE0$bOEK

