=LDR  00921cam  2200313 a 4500
=001  150645
=005  20160611191537.0
=008  000217t20002000nyub\\\\\\\\\\000\1\eng\\
=010  \\$a   00025811 
=020  \\$a0061050555 (hardcover : alk. paper)
=035  \\$a(OCoLC)ocm43540566
=040  \\$aDLC$cDLC$dDPL$dC#P$dUtOrBLW
=049  \\$aOEKA
=050  00$aPS3553.H358$bF69 2000
=082  00$a813/.54$221
=100  1\$aCherryh, C. J.
=245  10$aFortress of dragons /$cC.J. Cherryh.
=250  \\$a1st ed.
=260  \\$aNew York :$bEOS,$c[2000], {copy}2000.
=300  \\$a422 pages :$bmaps ;$c24 cm
=336  \\$atext$btxt$2rdacontent
=337  \\$aunmediated$bn$2rdamedia
=338  \\$avolume$bnc$2rdacarrier
=650  \0$aGood and evil$vFiction.
=650  \0$aIllegitimate children$vFiction.
=650  \0$aMagic$vFiction.
=655  \7$aFantasy fiction.$2gsafd
=800  1\$aCherryh, C. J.$tFortress ;$v4.
=914  \\$a622706

