=LDR  00908cam  2200289Ia 4500
=001  150675
=005  20160611191539.0
=008  000316t20002000waub\\\\\\\\\\000\f\eng\d
=010  \\$a   99065606 
=020  \\$a0786915641 :$c{dollar}27.95
=020  \\$a9780786918072 (pbk)
=035  \\$a(OCoLC)ocm43644572
=040  \\$aKRL$cKRL$dSVP$dUtOrBLW
=100  1\$aWeis, Margaret.
=245  10$aDragons of a fallen sun /$cMargaret Weis and Tracy Hickman.
=260  \\$aRenton, WA :$bWizards of the Coast,$c[2000], {copy}2000.
=300  \\$a548 pages :$bmap ;$c24 cm.
=336  \\$atext$btxt$2rdacontent
=337  \\$aunmediated$bn$2rdamedia
=338  \\$avolume$bnc$2rdacarrier
=490  0\$aDragonlance
=490  1\$aThe war of souls ;$vvol. 1
=650  \0$aKrynn (Imaginary place)$vFiction.
=655  \7$aFantasy fiction.$2gsafd
=700  1\$aHickman, Tracy.
=800  1\$aWeis, Margaret.$tWar of souls;$vv.1.
=914  \\$a622770

