=LDR  01273cam  2200373 a 4500
=001  150870
=005  20160612034213.0
=008  000826t20002000nyua\\\\\\\\\\000\1\eng\d
=010  \\$a   00702646 
=019  \\$a44020265
=020  \\$a0886778891
=035  \\$a(OCoLC)ocm44020309
=040  \\$aJBW$cDLC$dY#4$dUtOrBLW
=042  \\$alccopycat
=049  \\$aY#4A
=050  00$aPS3562.A246$bB75 2000
=082  00$a813/.54$221
=100  1\$aLackey, Mercedes.
=245  10$aBrightly burning /$cMercedes Lackey ; [time line by Pat Tobin].
=246  1\$iSubtitle on jacket:$aLegendary story of Herald Lavan Firestorm
=260  \\$aNew York :$bDAW Books :$bDistributed by Penguin Putnam,$c[2000], {copy}2000.
=300  \\$a406 pages :$billustrations ;$c24 cm.
=336  \\$atext$btxt$2rdacontent
=337  \\$aunmediated$bn$2rdamedia
=338  \\$avolume$bnc$2rdacarrier
=490  1\$aDAW books collectors ;$vno. 1150
=526  \\$aAccelerated Reader$bUG$c7.4$d24$e24$z58295
=650  \0$aValdemar (Imaginary place)$vFiction.
=650  \0$aTeenage boys$vFiction.
=655  \7$aFantasy fiction.$2gsafd
=800  1\$aLackey, Mercedes.$tHeralds of Valdemar ;$v4.
=800  1\$aLackey, Mercedes.$tNovel of Valdemar.
=830  \0$aDAW book collectors ;$vno. 1150.
=914  \\$a623350

