=LDR  01052cam  2200337Ia 4500
=001  154229
=005  20160612034410.0
=008  000420t20002000nyu\\\\\\\\\\\000\1\eng\d
=020  \\$a0451457811
=035  \\$a(OCoLC)ocm43892393
=040  \\$aCLE$cCLE$dUtOrBLW
=049  \\$aOEKA
=100  1\$aButcher, Jim,$d1971-
=245  10$aStorm front :$b[a novel of the Dresden files] /$cJim Butcher.
=260  \\$aNew York :$bRoc,$c[2000], {copy}2000.
=300  \\$a322 pages ;$c18 cm.
=336  \\$atext$btxt$2rdacontent
=337  \\$aunmediated$bn$2rdamedia
=338  \\$avolume$bnc$2rdacarrier
=490  1\$aThe Dresden files ;$vbk. 1
=521  8\$a830L$bLexile
=526  \\$aAccelerated Reader$bUG$c5.5$d14$e14$z119719
=650  \0$aDresden, Harry (Fictitious character)$vFiction.
=650  \0$aWizards$vFiction.
=650  \0$aMagic$vFiction.
=651  \0$aChicago (Ill.)$vFiction.
=655  \7$aMystery fiction.$2gsafd
=655  \7$aFantasy fiction.$2gsafd
=800  1\$aButcher, Jim,$d1971-$tDresden files;$vbk. 1.
=914  \\$a634620
=994  \\$aX0$bOEK

