=LDR  00941cam  2200325Ia 4500
=001  154361
=005  20160611191915.0
=008  980203s1998\\\\nyub\\\\\\\\\\000\1\eng\d
=020  \\$a0553565699 (pbk.) :$c{dollar}6.99
=020  \\$a9780553565690 (pbk.)
=035  \\$a(OCoLC)ocm38305407
=040  \\$aOCO$cOCO$dDAY$dOCL$dOEK$dUtOrBLW
=049  \\$aOEKA
=090  \\$aPS3558.O33636$bA87 1998
=100  1\$aHobb, Robin.
=245  10$aAssassin's quest /$cRobin Hobb.
=250  \\$aBantam mass-market ed.
=260  \\$aNew York :$bBantam Books,$c1998.
=300  \\$a757 pages :$bmap ;$c25 cm.
=336  \\$atext$btxt$2rdacontent
=337  \\$aunmediated$bn$2rdamedia
=338  \\$avolume$bnc$2rdacarrier
=490  1\$aFarseer
=490  1\$aA Bantam spectra book
=650  \0$aFantasy fiction, American.
=650  \0$aAssassins$vFiction.
=800  1\$aHobb, Robin.$tFarseer.
=830  \0$aBantam spectra book.
=914  \\$a635071
=994  \\$aE0$bOEK

