=LDR  01193cam  2200373 a 4500
=001  154925
=005  20160611191948.0
=008  000405t20002000nyua\\\\\\\\\\000\1\eng\\
=010  \\$a   00028831 
=020  \\$a0061050342 (alk. paper)
=035  \\$a(OCoLC)ocm43811441
=040  \\$aDLC$cDLC$dYDX$dOEK$dUtOrBLW
=043  \\$ae-uk-st$aa-is---$aa-jo---
=049  \\$aOEKA
=050  00$aPS3562.A865$bB58 2000
=082  00$a813/.54$221
=100  1\$aLawhead, Stephen R.,$d1950-
=245  14$aThe black rood /$cStephen R. Lawhead.
=250  \\$a1st ed.
=260  \\$aNew York :$bEOS,$c[2000], {copy}2000.
=300  \\$a437 pages :$billustrations ;$c24 cm.
=336  \\$atext$btxt$2rdacontent
=337  \\$aunmediated$bn$2rdamedia
=338  \\$avolume$bnc$2rdacarrier
=490  1\$aThe Celtic crusades ;$vbk. 2
=650  \0$aScots$zMiddle East$vFiction.
=650  \0$aCrusades$vFiction.
=651  \0$aJerusalem$xHistory$yLatin Kingdom, 1099-1244$vFiction.
=651  \0$aScotland$xHistory$y1057-1603$vFiction.
=651  \0$aMiddle East$vFiction.
=655  \7$aHistorical fiction.$2gsafd
=800  1\$aLawhead, Stephen R.,$d1950-$tCeltic crusades;$vv. 2.
=914  \\$a636644
=994  \\$aE0$bOEK

