=LDR  00793cam  2200253Ka 4500
=001  155381
=005  20160611192016.0
=008  980119s1997\\\\utub\\\\\\\\\\000\1\eng\d
=020  \\$a189055801X$c{dollar}17.95
=035  \\$a(OCoLC)ocm38221741
=040  \\$aJED$cJED$dUUC$dZFR$dUtOrBLW
=049  \\$aZFRA
=100  1\$aMorgan, K. L.
=245  10$aCastledance :$bfrom the chronicles of Fiarah /$cK.L. Morgan.
=246  3\$aCastle dance
=260  \\$a[Orem, Utah] :$bGranite Publishing & Distribution,$c1997.
=300  \\$a405 pages :$bmap ;$c22 cm.
=336  \\$atext$btxt$2rdacontent
=337  \\$aunmediated$bn$2rdamedia
=338  \\$avolume$bnc$2rdacarrier
=490  1\$aChronicles of Fiarah ;$v[vol. I]
=800  1\$aMorgan, K. L.$tChronicles of Fiarah ;$v[vol. I].
=914  \\$a637818
=994  \\$aE0$bZFR

