=LDR  01000cam  2200289Ia 4500
=001  155520
=005  20160611192024.0
=008  990707s1998\\\\utuab\\\\\\\\\000\1\eng\d
=010  \\$a   97065432 
=020  \\$a1583081755 (pbk.) :$c{dollar}15.95
=020  \\$z11583081755 (on back cover)
=035  \\$a(OCoLC)ocm41665468
=040  \\$aUUC$cUUC$dZFR$dUtOrBLW
=049  \\$aZFRA
=100  1\$aMorgan, K. L.
=245  10$aJudges of light :$bfrom the chronicles of Fiarah /$cK.L. Morgan ; illustrated by Dave McClellan ; maps by K.L.Morgan and Zack Utter.
=260  \\$aOrem, Utah :$bTriQuest Publishing,$c1998.
=300  \\$a479 pages :$billustrations, maps ;$c22 cm.
=336  \\$atext$btxt$2rdacontent
=337  \\$aunmediated$bn$2rdamedia
=338  \\$avolume$bnc$2rdacarrier
=490  1\$aChronicles of Fiarah ;$vVol II
=700  1\$aMcClellan, Dave,$eillustrator.
=700  1\$aUtter, Zack,$eillustrator.
=800  1\$aMorgan, K. L.$tChronicles of Fiarah ;$vVol. II.
=914  \\$a638205
=994  \\$aE0$bZFR

