=LDR  00891cam  2200301 a 4500
=001  155644
=005  20160612034458.0
=008  000309t20002000nyu\\\\\\\\\\\000\1\eng\\
=010  \\$a   00029574 
=020  \\$a0151005672
=035  \\$a(OCoLC)   00029574
=035  \\$a(WaOLN)12709679
=035  \\$a(OCoLC)43662164
=040  \\$aDLC$cDLC$dC#P$dORX$dUtOrBLW
=050  00$aPS3562.E42$bT45 2000
=082  00$a813/.54$221
=100  1\$aLe Guin, Ursula K.,$d1929-
=245  14$aThe telling /$cUrsula K. Le Guin.
=250  \\$a1st ed.
=260  \\$aNew York :$bHarcourt,$c[2000], {copy}2000.
=300  \\$a264 pages ;$c24 cm
=336  \\$atext$btxt$2rdacontent
=337  \\$aunmediated$bn$2rdamedia
=338  \\$avolume$bnc$2rdacarrier
=526  \\$aAccelerated Reader$bUG$c6.4$d10$e10$z54880
=650  \0$aAuthors, American$zNorthwest, Pacific.
=655  \7$aScience fiction.$2gsafd
=914  \\$a638617

