=LDR  00899cam  2200313 a 4500
=001  156247
=005  20160611192106.0
=008  000303t20002000nyu\\\\\\\\\\\000\1\eng\\
=010  \\$a   00028488 
=020  \\$a0671775227
=035  \\$a(OCoLC)ocm43641282
=040  \\$aDLC$cDLC$dYDX$dUtOrBLW
=049  \\$aZPJA
=050  00$aPS3556.R529$bV35 2000
=082  00$a813/.54$221
=092  \\$aF Friedman
=100  1\$aFriedman, Michael Jan.
=245  14$aThe Valiant /$cMichael Jan Friedman.
=260  \\$aNew York :$bPocket Books,$c[2000], {copy}2000.
=300  \\$a279 pages ;$c23 cm.
=336  \\$atext$btxt$2rdacontent
=337  \\$aunmediated$bn$2rdamedia
=338  \\$avolume$bnc$2rdacarrier
=490  1\$aStar trek, the next generation
=650  \0$aStar Trek fiction.
=655  \7$aScience fiction.$2gsafd
=830  \0$aStar trek, the next generation (Series)
=914  \\$a640752
=994  \\$aX0$bZPJ

