=LDR  00814cam  2200289 a 4500
=001  157408
=005  20160611192214.0
=008  000329s2000\\\\nyu\\\\\\\\\\\000\1\eng\\
=010  \\$a   00037839 
=020  \\$a0553103237
=035  \\$a(OCoLC)ocm43798455
=040  \\$aDLC$cDLC$dYDX$dOEK$dUtOrBLW
=049  \\$aOEKA
=050  00$aPS3558.O33636$bS53 2000
=082  00$a813/.54$221
=100  1\$aHobb, Robin.
=245  10$aShip of destiny /$cRobin Hobb.
=260  \\$aNew York :$bBantam Books,$c2000.
=300  \\$a581 pages ;$c25 cm.
=336  \\$atext$btxt$2rdacontent
=337  \\$aunmediated$bn$2rdamedia
=338  \\$avolume$bnc$2rdacarrier
=490  1\$aLiveship traders ;$vbk. 3
=655  \7$aFantasy fiction.$2gsafd
=800  1\$aHobb, Robin.$tLiveship traders;$vbk. 3.
=914  \\$a644884
=994  \\$aE0$bOEK

