=LDR  01642cam  2200397 a 4500
=001  157468
=005  20160612034558.0
=008  000504s2001\\\\nyu\\\\\\\\\\\000\1\eng\\
=010  \\$a   00031678 
=020  \\$a9780312876517 (acid-free paper)
=020  \\$a0312876513 (acid-free paper)
=035  \\$a(OCoLC)ocm44046723 
=035  \\$a(OCoLC)44046723$z(OCoLC)51329974
=040  \\$aDLC$cDLC$dBAKER$dNLGGC$dBTCTA$dYDXCP$dGZT$dUtOrBLW
=050  00$aPS3553.A655$bS525 2001
=082  00$a813/.54$221
=100  1\$aCard, Orson Scott.
=245  10$aShadow of the Hegemon /$cOrson Scott Card.
=250  \\$a1st ed.
=260  \\$aNew York :$bTor,$c2001.
=300  \\$a365 pages ;$c25 cm
=336  \\$atext$btxt$2rdacontent
=337  \\$aunmediated$bn$2rdamedia
=338  \\$avolume$bnc$2rdacarrier
=500  \\$a"A Tom Doherty Associates book."
=505  0\$apt. 1. Volunteers. Petra -- Bean -- Message in a bottle -- Custody -- Ambition -- pt. 2. Alliances. Code -- Going public -- Bean van -- Communing with the dead -- Brothers in arms -- pt. 3. Maneuvers. Bangkok -- Islamabad -- Warnings -- Hyderabad -- Murder -- pt. 4. Decisions. Treachery -- On a bridge -- Satyagraha -- Rescue -- Hegemon.
=521  8\$a860L$bLexile
=526  \\$aAccelerated Reader$bUG$c6.3$d19$e19$z46855
=600  \0$aWiggin, Ender$c(Fictitious character)$vFiction.
=600  \0$aBean$c(Fictitious character from Card)$vFiction.
=650  \0$aSpace warfare$vFiction.
=650  \0$aWar games$vFiction.
=650  \0$aChild soldiers$vFiction.
=655  \7$aScience fiction, American.$2gsafd
=800  1\$aCard, Orson Scott.$tShadow saga;$v2.
=914  \\$a645089

