=LDR  01099cam  22003498a 4500
=001  157558
=005  20160612034601.0
=008  000413s2000\\\\nyu\\\\\\\\\\\000\1\eng\\
=010  \\$a   00039804 
=020  \\$a0553110721
=035  \\$a(OCoLC)ocm43903779
=040  \\$aDLC$cDLC$dJBO$dOEK$dUtOrBLW
=049  \\$aOEKA
=050  00$aPS3558.E617$bD87 2000
=082  00$a813/.54$221
=100  1\$aHerbert, Brian.
=245  10$aDune.$pHouse Harkonnen /$cBrian Herbert & Kevin J. Anderson.
=260  \\$aNew York :$bBantam Books,$c2000.
=263  \\$a0010
=300  \\$aviii, 603 pages :$bmaps ;$c25 cm
=336  \\$atext$btxt$2rdacontent
=337  \\$aunmediated$bn$2rdamedia
=338  \\$avolume$bnc$2rdacarrier
=500  \\$aBased on the Dune universe created by Frank Herbert.
=521  8\$a800L$bLexile
=526  \\$aAccelerated Reader$bUG$c7.7$d37$e37$z85552
=650  \0$aDune (Imaginary place)$vFiction.
=655  \7$aScience fiction.$2gsafd
=700  1\$aAnderson, Kevin J.,$d1962- .
=700  1\$aHerbert, Frank.
=800  1\$aHerbert, Brian.$tPrelude to Dune ;$vbk. 2.
=914  \\$a645350

