=LDR  00924cam  22002772a 4500
=001  158893
=005  20160611192343.0
=008  000525s2000\\\\nyua\\\\\\\\\\000\1\eng\d
=020  \\$a0743400186
=035  \\$a(OCoLC)ocm44119869
=035  \\$a(WaOLN)12685005
=035  \\$a(OCoLC)44119869
=040  \\$aORX$cORX$dUtOrBLW
=100  1\$aFriedman, Michael Jan.
=245  10$aX-Men :$bshadows of the past /$cMichael Jan Friedman ; interior illustrations by Jose Ladronn.
=246  3\$aShadows of the past
=250  \\$aBP Books, Inc. hardcover ed.
=260  \\$aNew York :$bBP Books :$bDistributed by Simon & Schuster,$c2000.
=300  \\$a328 pages :$billustrations ;$c25 cm
=336  \\$atext$btxt$2rdacontent
=337  \\$aunmediated$bn$2rdamedia
=338  \\$avolume$bnc$2rdacarrier
=650  \0$aX-Men (Fictitious characters)$vFiction.
=650  \0$aSuperheroes$vFiction.
=655  \7$aScience fiction.$2gsafd
=914  \\$a649462

