=LDR  01025cam  22003378a 4500
=001  159459
=005  20160611192417.0
=008  000920r20012000nyu\\\\\\\\\\\000\1\eng\\
=010  \\$a   00048460 
=020  \\$a0380978008
=035  \\$a(OCoLC)ocm45068560
=040  \\$aDLC$cDLC$dUtOrBLW
=049  \\$aOEKA
=050  00$aPS3556.E446$bK745 2001
=082  00$a813/.54$221
=100  1\$aFeist, Raymond E.
=245  10$aKrondor, tear of the gods /$cRaymond E. Feist.
=246  30$aTear of the gods
=250  \\$a1st ed.
=260  \\$aNew York :$bEos,$c2001.
=263  \\$a0103
=300  \\$a372 pages :$billustrations, map ;$c25 cm.
=336  \\$atext$btxt$2rdacontent
=337  \\$aunmediated$bn$2rdamedia
=338  \\$avolume$bnc$2rdacarrier
=490  1\$aBook three of the Riftwar legacy
=500  \\$a"Based upon the game Return to Krondor, produced by Pyrotechnix, Inc."--T.p. verso.
=655  \7$aFantasy fiction.$2gsafd
=800  1\$aFeist, Raymond E.$tRiftwar legacy;$vbk. 3.
=914  \\$a651079
=994  \\$aX0$bOEK

