=LDR  02188cam  2200337Ia 4500
=001  160848
=005  20170316085009.0
=008  930201r19931992nyu\\\\\\\\\\\000\1\eng\d
=010  \\$z91039020
=020  \\$a0812515285$q(mass market paperback)
=020  \\$a9780812515282$q(mass market paperback)
=035  \\$a(OCoLC)ocm27351943 
=035  \\$a(OCoLC)27351943$z(OCoLC)317883866$z(OCoLC)663056229
=040  \\$aMLN$beng$cMLN$dSLC$dTXI$dOCL$dBAKER$dBTCTA$dBDX$dFYF$dOCLCO$dOCLCQ$dOCLCF$dP4I$dOCLCQ$dOCLCO$dUtOrBLW
=050  \4$aPS3572.I534$bF57 1993x
=082  04$a813.54
=100  1\$aVinge, Vernor.
=245  12$aA fire upon the deep /$cVernor Vinge.
=260  \\$aNew York :$bTOR,$c[1993], {copy}1992.
=300  \\$a613 pages ;$c18 cm.
=336  \\$atext$btxt$2rdacontent
=337  \\$aunmediated$bn$2rdamedia
=338  \\$avolume$bnc$2rdacarrier
=490  1\$aTOR SF
=500  \\$a"A Tom Doherty Associates book."
=520  \\$aA Fire Upon the Deepis the big, breakout book that fulfills the promise of Vinge's career to date: a gripping tale of galactic war told on a cosmic scale. Thousands of years hence, many races inhabit a universe where a mind's potential is determined by its location in space, from superintelligent entities in the Transcend, to the limited minds of the Unthinking Depths, where only simple creatures and technology can function. Nobody knows what strange force partitioned space into these "regions of thought," but when the warring Straumli realm use an ancient Transcendent artifact as a weapon, they unwittingly unleash an awesome power that destroys thousands of worlds and enslaves all natural and artificial intelligence. Fleeing the threat, a family of scientists, including two children, are taken captive by the Tines, an alien race with a harsh medieval culture, and used as pawns in a ruthless power struggle. A rescue mission, not entirely composed of humans, must rescue the children-and a secret that may save the rest of interstellar civilization.
=526  \\$aAccelerated Reader$bUG$c6.1$d32$e32$z32832
=650  \0$aLife on other planets$vFiction.
=655  \7$aScience fiction.$2gsafd
=830  \0$aTOR science fiction.
=914  \\$a655111

