=LDR  00906cam  22003258a 4500
=001  162334
=005  20160611192707.0
=008  000309s2000\\\\nyu\\\\\\\\\\\000\1\eng\\
=010  \\$a   00029306 
=020  \\$a0441007694
=035  \\$a(OCoLC)ocm43641398
=040  \\$aDLC$cDLC$dOEK$dUtOrBLW
=049  \\$aOEKA
=050  00$aPS3558.A353$bC66 2000
=082  00$a813/.54$221
=100  1\$aHaldeman, Joe W.
=245  14$aThe coming /$cJoe Haldeman.
=260  \\$aNew York :$bAce Books,$c2000.
=263  \\$a0012
=300  \\$a216 pages ;$c24 cm
=336  \\$atext$btxt$2rdacontent
=337  \\$aunmediated$bn$2rdamedia
=338  \\$avolume$bnc$2rdacarrier
=650  \0$aHuman-alien encounters$vFiction.
=650  \0$aLife on other planets$vFiction.
=650  \0$aAstronomy teachers$vFiction.
=650  \0$aMass media$vFiction.
=655  \7$aScience fiction.$2gsafd
=914  \\$a659242
=994  \\$aE0$bOEK

