=LDR  01013cam  2200313Ia 4500
=001  164866
=005  20160611192937.0
=008  010406t20012001waub\\\\\\\\\\000\1\eng\d
=010  \\$z00190770
=020  \\$z0786918179
=020  \\$a9780786927067 (pbk)
=035  \\$a(OCoLC)ocm46677897 
=040  \\$aMZI$cMZI$dLEO$dUtOrBLW
=049  \\$aOEKA
=100  1\$aWeis, Margaret.
=245  10$aDragons of a lost star /$cMargaret Weis and Tracy Hickman.
=260  \\$aRenton, Wash. :$bWizards of the Coast ;$aNew York :$bDistributed in the United States by St. Martin's Press,$c[2001], {copy}2001.
=300  \\$a458 pages :$bmap ;$c25 cm.
=336  \\$atext$btxt$2rdacontent
=337  \\$aunmediated$bn$2rdamedia
=338  \\$avolume$bnc$2rdacarrier
=490  0\$aDragonlance
=490  1\$aThe war of souls ;$vvol. 2
=650  \0$aKrynn (Imaginary place)$vFiction.
=655  \7$aFantasy fiction.$2gsafd
=700  1\$aHickman, Tracy.
=800  1\$aWeis, Margaret.$tWar of souls;$vv. 2.
=914  \\$a666917
=994  \\$aE0$bOEK

