=LDR  01899cam  2200481 a 4500
=001  167135
=005  20170108014525.0
=008  000919s2000\\\\nyub\\\\\\\\\\000\1\eng\\
=010  \\$a   00048806 
=020  \\$a0312864256 (alk. paper)
=020  \\$a9780312864255 (alk. paper)
=035  \\$a(OCoLC)ocm45066106 
=035  \\$a(OCoLC)45066106
=040  \\$aDLC$cDLC$dBAKER$dBTCTA$dYDXCP$dOCLCG$dIEF$dNMM$dWPB$dXY4$dBDX$dOCLCO$dOEK$dUtOrBLW
=049  \\$aOEKA
=050  00$aPS3560.O7617$bW55 2000
=082  00$a813/.54$221
=100  1\$aJordan, Robert,$d1948-2007.
=245  10$aWinter's heart /$cRobert Jordan.
=250  \\$a1st ed.
=260  \\$aNew York :$bTor Fantasy,$c2000.
=300  \\$a668 pages :$bmap ;$c25 cm.
=336  \\$atext$btxt$2rdacontent
=337  \\$aunmediated$bn$2rdamedia
=338  \\$avolume$bnc$2rdacarrier
=490  1\$aThe Wheel of time ;$vbk. 9
=500  \\$a"A Tom Doherty Associates book."
=520  0\$aIn the continuing Wheel of Time saga, Rand and Min are on the run, while Black Tower leader Mazrim Taim is exposed, a Seanchan princess arrives in Ebou Dar and the schemers of the White Tower are beset by rebels.
=526  \\$aAccelerated Reader$bUG$c6.6$d40$e40$z59264
=650  \0$aRand al'Thor (Fictitious character)$vFiction.
=650  \0$aImaginary places$vFiction.
=650  \0$aPrincesses$vFiction.
=650  \0$aProphecies$vFiction.
=650  \0$aGood and evil$vFiction.
=650  \0$aQuests$vFiction.
=650  \0$aMagic$vFiction.
=650  \7$aFantasy fiction.$2gsafd
=655  \7$aFantasy fiction.$2gsafd
=800  1\$aJordan, Robert,$d1948-2007.$tWheel of time ;$vbk. 9.
=856  42$3Publisher description$uhttp://catdir.loc.gov/catdir/description/hol051/00048806.html
=856  42$3Contributor biographical information$uhttp://catdir.loc.gov/catdir/enhancements/fy0731/00048806-b.html
=914  \\$a674345
=994  \\$aC0$bOEK

