=LDR  00854cam  2200277 a 4500
=001  168719
=005  20160611193328.0
=008  001116r20011995nyu\\\\\\\\\\\000\1\eng\\
=010  \\$a   00066770 
=020  \\$a0671319809
=035  \\$a(OCoLC)ocm45463432
=040  \\$aDLC$cDLC$dUtOrBLW
=049  \\$aZPJA
=050  00$aPS3573.E217$bF57 2001
=082  00$a813/.54$221
=100  1\$aWeber, David,$d1952-
=245  10$aHonor Harrington :$bflag in exile /$cDavid Weber.
=246  30$aFlag in exile
=260  \\$aRiverdale, NY :$bBaen Books ;$aNew York :$bDistributed by Simon & Schuster,$c2001.
=300  \\$a405 pages ;$c25 cm
=336  \\$atext$btxt$2rdacontent
=337  \\$aunmediated$bn$2rdamedia
=338  \\$avolume$bnc$2rdacarrier
=600  \0$aHarrington, Honor$c(Fictitious character)$vFiction.
=655  \7$aScience fiction.$2gsafd
=914  \\$a679040

