=LDR  00866cam  22003138a 4500
=001  170080
=005  20160612035321.0
=008  000901s2001\\\\nyu\\\\\\\\\\\000\1\eng\\
=010  \\$a   00046586 
=020  \\$a0380979012 (hardcover)
=035  \\$a(OCoLC)ocm44979697
=040  \\$aDLC$cDLC$dUtOrBLW
=049  \\$aOEKA
=050  00$aPS3552.U397$bC87 2001
=082  00$a813/.54$221
=100  1\$aBujold, Lois McMaster.
=245  14$aThe curse of Chalion /$cLois M. Bujold.
=260  \\$aNew York :$bEOS,$c2001.
=263  \\$a0108
=300  \\$a442 pages ;$c25 cm
=336  \\$atext$btxt$2rdacontent
=337  \\$aunmediated$bn$2rdamedia
=338  \\$avolume$bnc$2rdacarrier
=521  8\$a920L$bLexile
=526  \\$aAccelerated Reader$bUG$c6.7$d27$e27$z71092
=650  \0$aMagic$vFiction.
=655  \7$aFantasy fiction.$2gsafd
=914  \\$a683046
=994  \\$aX0$bOEK

