=LDR  01198cam  22003978a 4500
=001  171048
=005  20160611193545.0
=008  010426s2001\\\\nyu\\\\\\\\\\\000\1\eng\\
=010  \\$a  2001033523
=020  \\$a0061050318
=035  \\$a(OCoLC)ocm46872382
=040  \\$aDLC$cDLC$dOEK$dUtOrBLW
=043  \\$ae-uk-st$ae-sp---
=049  \\$aOEKA
=050  00$aPS3562.A865$bM97 2001
=082  00$a813/.54$221
=100  1\$aLawhead, Stephen R.,$d1950-
=245  14$aThe mystic rose /$cStephen R. Lawhead.
=260  \\$aNew York :$bEOS,$c2001.
=263  \\$a0110
=300  \\$a422 pages ;$c25 cm.
=336  \\$atext$btxt$2rdacontent
=337  \\$aunmediated$bn$2rdamedia
=338  \\$avolume$bnc$2rdacarrier
=490  1\$aThe Celtic crusades ;$vbk. 3
=650  \0$aScots$zSpain, Northern$vFiction.
=650  \0$aChristian antiquities$vFiction.
=650  \0$aYoung women$vFiction.
=650  \0$aGrail$vFiction.
=651  \0$aScotland$xHistory$y1057-1603$vFiction.
=651  \0$aSpain, Northern$vFiction.
=655  \7$aFantasy fiction.$2gsafd
=655  \7$aHistorical fiction.$2gsafd
=800  1\$aLawhead, Stephen R.,$d1950-$tCeltic crusades;$vv. 3.
=914  \\$a686226
=994  \\$aE0$bOEK

