=LDR  00947cam  22003378a 4500
=001  171057
=005  20160612035354.0
=008  010521s2001\\\\nyu\\\\\\\\\\\000\1\eng\\
=010  \\$a  2001034733
=020  \\$a0312878281 (alk. paper)
=035  \\$a(OCoLC)ocm47126722
=040  \\$aDLC$cDLC$dUtOrBLW
=049  \\$aZPJA
=050  00$aPS3576.A33$bA8 2001
=082  00$a813/.54$221
=100  1\$aZahn, Timothy.
=245  10$aAngelmass /$cTimothy Zahn.
=250  \\$a1st ed.
=260  \\$aNew York :$bTor,$c2001.
=263  \\$a0109
=300  \\$a430 pages ;$c25 cm
=336  \\$atext$btxt$2rdacontent
=337  \\$aunmediated$bn$2rdamedia
=338  \\$avolume$bnc$2rdacarrier
=500  \\$a"A Tom Doherty Associates book."
=526  \\$aAccelerated Reader$bUG$c6.1$d25$e25$z53802
=650  \0$aBlack holes (Astronomy)$vFiction.
=650  \0$aSpace colonies$vFiction.
=655  \7$aScience fiction.$2gsafd
=914  \\$a686235
=994  \\$aX0$bZPJ

