=LDR  00893cam  22003258a 4500
=001  172140
=005  20160612035431.0
=008  010409s2001\\\\nyu\\\\\\\\\\\000\1\eng\\
=010  \\$a  2001024632
=020  \\$a0151006849
=035  \\$a(OCoLC)ocm46777444
=040  \\$aDLC$cDLC$dOEK$dUtOrBLW
=049  \\$aOEKA
=050  00$aPS3562.E42$bO84 2001
=082  00$a813/.54$221
=100  1\$aLe Guin, Ursula K.,$d1929-
=245  14$aThe other wind /$cby Ursula K. Le Guin.
=250  \\$a1st ed.
=260  \\$aNew York :$bHarcourt,$c2001.
=263  \\$a010901
=300  \\$a246 pages ;$c24 cm
=336  \\$atext$btxt$2rdacontent
=337  \\$aunmediated$bn$2rdamedia
=338  \\$avolume$bnc$2rdacarrier
=521  8\$a840L$bLexile
=526  \\$aAccelerated Reader$bUG$c6.0$d11$e11$z54878
=650  \0$aDeath$vFiction.
=655  \7$aFantasy fiction.$2gsafd
=914  \\$a689587
=994  \\$aE0$bOEK

