=LDR  01224cam  22003978a 4500
=001  172712
=005  20160612035449.0
=008  010315t20012001nyu\\\\\\\\\\\000\1\eng\\
=010  \\$a  2001025777
=020  \\$a0553110845
=020  \\$a0553580337 (pbk)
=035  \\$a(OCoLC)ocm46565153
=040  \\$aDLC$cDLC$dOEK$dUtOrBLW
=049  \\$aOEKA
=050  00$aPS3558.E617$bD865 2001
=082  00$a813/.54$221
=100  1\$aHerbert, Brian.
=245  10$aDune.$pHouse Corrino /$cBrian Herbert and Kevin J. Anderson.
=246  3\$aHouse Corrino
=260  \\$aNew York :$bBantam Books,$c[2001], {copy}2001.
=263  \\$a0110
=300  \\$a496 pages ;$c25 cm.
=336  \\$atext$btxt$2rdacontent
=337  \\$aunmediated$bn$2rdamedia
=338  \\$avolume$bnc$2rdacarrier
=490  0\$aDune : House Trilogy ;$vbk. 3
=500  \\$aBased on the Dune universe created by Frank Herbert.
=521  8\$a800L$bLexile
=526  \\$aAccelerated Reader$bUG$c8.1$d32$e32$z85551
=650  \0$aDune (Imaginary place)$vFiction.
=655  \7$aScience fiction.$2gsafd
=700  1\$aAnderson, Kevin J.,$d1962- .
=700  1\$aHerbert, Frank.
=800  1\$aHerbert, Brian.$tPrelude to Dune ;$vbk. 3.
=914  \\$a691509
=994  \\$aE0$bOEK

