=LDR  01100cam  2200373 a 4500
=001  172713
=005  20160612035449.0
=008  001128t20012001nyua\\\\\\\\\\000\1\eng\\
=010  \\$a   00067892 
=020  \\$a0380973820
=035  \\$a(OCoLC)ocm45505966
=040  \\$aDLC$cDLC$dOEK$dUtOrBLW
=043  \\$an-us-il
=049  \\$aOEKA
=050  00$aPS3503.R167$bF76 2001
=082  00$a813/.54$221
=100  1\$aBradbury, Ray,$d1920-2012.
=245  10$aFrom the dust returned :$ba family remembrance /$cRay Bradbury.
=250  \\$a1st ed.
=260  \\$aNew York :$bWilliam Morrow,$c[2001], {copy}2001.
=300  \\$axi, 204 pages :$billustrations ;$c22 cm
=336  \\$atext$btxt$2rdacontent
=337  \\$aunmediated$bn$2rdamedia
=338  \\$avolume$bnc$2rdacarrier
=521  8\$a890L$bLexile
=526  \\$aAccelerated Reader$bUG$c5.3$d5$e5$z58058
=650  \0$aDomestic fiction.
=650  \0$aImmortalism$vFiction.
=650  \0$aFoundlings$vFiction.
=650  \0$aVampires$vFiction.
=651  \0$aIllinois$vFiction.
=655  \7$aFantasy fiction.$2gsafd
=914  \\$a691510
=994  \\$aX0$bOEK

