=LDR  00835cam  22003138a 4500
=001  173230
=005  20160612035508.0
=008  010309s2001\\\\nyu\\\\\\\\\\\000\1\eng\\
=010  \\$a  2001027474
=020  \\$a0312878826
=035  \\$a(OCoLC)ocm46472233
=040  \\$aDLC$cDLC$dUtOrBLW
=049  \\$aZPJA
=050  00$aPS3565.D53$bR6 2001
=082  00$a813/.54$221
=100  1\$aOdom, Mel.
=245  14$aThe rover /$cMel Odom.
=250  \\$a1st ed.
=260  \\$aNew York :$bTor,$c2001.
=263  \\$a0107
=300  \\$a400 pages ;$c25 cm
=336  \\$atext$btxt$2rdacontent
=337  \\$aunmediated$bn$2rdamedia
=338  \\$avolume$bnc$2rdacarrier
=500  \\$a"A Tom Doherty Associates book."
=526  \\$aAccelerated Reader$bUG$c6.2$d23$e23$z70718
=655  \7$aFantasy fiction.$2gsafd
=914  \\$a693065
=994  \\$aX0$bZPJ

