=LDR  01088cam  2200337Ka 4500
=001  175128
=005  20160612035613.0
=008  010905t20012001nyu\\\\\\\\\\\000\0\eng\d
=020  \\$a0345397665 :$c{dollar}26.95
=020  \\$a9780345397676 (pbk)
=035  \\$a(OCoLC)ocm47913798
=040  \\$aJQJ$cJQJ$dJTE$dUtOrBLW
=100  1\$aBrooks, Terry.
=245  10$aAntrax /$cTerry Brooks.
=246  30$aVoyage of the Jerle Shannara, vol. 2, Antrax.
=250  \\$a1st ed.
=260  \\$aNew York :$bBallantine Pub. Group,$c[2001], {copy}2001.
=300  \\$a375 pages ;$c25 cm.
=336  \\$atext$btxt$2rdacontent
=337  \\$aunmediated$bn$2rdamedia
=338  \\$avolume$bnc$2rdacarrier
=490  1\$aThe voyage of the Jerle Shannara ;$vbk. 2
=521  8\$a900L$bLexile
=526  \\$aAccelerated Reader$bUG$c7.0$d21$e21$z53818
=650  \0$aMagic$vFiction.
=650  \0$aDruids and druidism$vFiction.
=655  \7$aFantasy fiction.$2gsafd
=800  1\$aBrooks, Terry.$tVoyage of the Jerle Shannara;$vbk. 2.
=914  \\$a698804
=948  \\$hNO HOLDINGS IN ZPP - 162 OTHER HOLDINGS
=994  \\$aZ0$bZPP

