=LDR  01693cam  2200409 a 4500
=001  177075
=005  20160611194140.0
=008  010712s2002\\\\nyuab\\\\\\\\\000\1\eng\\
=010  \\$a  2001037968
=019  \\$a51319381
=020  \\$a0553801481 (alk. paper)
=020  \\$a9780553801484 (alk. paper)
=020  \\$a0553582445
=020  \\$a9780553582444
=035  \\$a(OCoLC)ocm47665323 
=035  \\$a(OCoLC)47665323$z(OCoLC)51319381
=040  \\$aDLC$cDLC$dISO$dIHI$dBAKER$dBTCTA$dYDXCP$dXY4$dOCLCQ$dGRR$dUtOrBLW
=049  \\$aZPPA
=082  00$a813/.54$221
=100  1\$aHobb, Robin.
=245  10$aFool's errand /$cRobin Hobb.
=260  \\$aNew York :$bBantam Books,$c2002.
=300  \\$a486 pages :$billustrations, map ;$c24 cm.
=336  \\$atext$btxt$2rdacontent
=337  \\$aunmediated$bn$2rdamedia
=338  \\$avolume$bnc$2rdacarrier
=490  1\$aThe tawny man ;$vbk. 1
=520  \\$aFitzChivalry Farseer emerges from seclusion when Prince Dutiful, the young heir to the Farseer throne, disappears, and as Fitz sets out to find the Prince before his betrothal ceremony, he is unexpectedly confronted by betrayal and intrigue at every turn.
=650  \0$aFarseer, FitzChivalry (Fictitious character)$vFiction.
=650  \0$aFantasy fiction, American.
=650  \0$aFantasy fiction.
=800  1\$aHobb, Robin.$tTawny man;$vbk. 1.
=856  42$3Contributor biographical information$uhttp://www.loc.gov/catdir/bios/random053/2001037968.html
=856  41$3Sample text$uhttp://www.loc.gov/catdir/samples/random044/2001037968.html
=856  42$3Publisher description$uhttp://www.loc.gov/catdir/description/random0411/2001037968.html
=914  \\$a704132
=994  \\$aC0$bZPP

