=LDR  01258cam  22003258a 4500
=001  177095
=005  20160611194141.0
=008  010530s2002\\\\nyu\\\\\\\\\\\000\1\eng\\
=010  \\$a  2001040224
=020  \\$a0380977621 (hardcover)
=035  \\$a(OCoLC)ocm47208506
=040  \\$aDLC$cDLC$dUtOrBLW
=049  \\$aOEKA
=050  00$aPS3554.A5834$bW38 2002
=082  00$a813/.54$221
=100  1\$aDanvers, Dennis.
=245  14$aThe watch--being the unauthorized sequel to Peter A. Kropotkin's Memoirs of a revolutionist--as imparted to Dennis Danvers by Anchee Mahur, traveler from a distant future, or, A science fiction novel.
=246  30$aWatch--being the unauthorized sequel to Peter A. Kropotkin's Memoirs of a revolutionist--as imparted to Dennis Danvers by Archee Mahur, traveler from a distant future
=246  30$aScience fiction novel
=260  \\$aNew York :$bEOS,$c2002.
=263  \\$a0109
=300  \\$a356 pages ;$c25 cm
=336  \\$atext$btxt$2rdacontent
=337  \\$aunmediated$bn$2rdamedia
=338  \\$avolume$bnc$2rdacarrier
=650  \0$aTime travel$vFiction.
=655  \7$aScience fiction.$2gsafd
=700  1\$aKropotkin, Petr Alekseevich,$ckn{llig}i{rlig}az{softsign},$d1842-1921.$tMemoirs of a revolutionist.
=914  \\$a704170
=994  \\$aX0$bOEK

