=LDR  01400cam  22004098a 4500
=001  177946
=005  20160612035753.0
=008  010705s2002\\\\nyu\\\\c\\\\\\000\1\eng\\
=010  \\$a  2001042411
=020  \\$a0060012331
=020  \\$a006001234X (library binding)
=035  \\$a(OCoLC)ocm47625356
=040  \\$aDLC$cDLC$dDPL$dZRK$dUtOrBLW
=042  \\$alcac
=049  \\$aZRKA
=050  00$aPZ7.P8865$bAm 2002
=082  00$a[Fic]$221
=100  1\$aPratchett, Terry.
=245  14$aThe amazing Maurice and his educated rodents /$cTerry Pratchett.
=260  \\$aNew York :$bHarperCollins, Publishers,$c2002.
=263  \\$a0110
=300  \\$a241 pages :$billustrations ;$c24 cm
=336  \\$atext$btxt$2rdacontent
=337  \\$aunmediated$bn$2rdamedia
=338  \\$avolume$bnc$2rdacarrier
=520  \\$aA talking cat, intelligent rats, and a strange boy cooperate in a Pied Piper scam until they try to con the wrong town and are confronted by a deadly evil rat king.
=521  8\$a550L$bLexile
=526  \\$aAccelerated Reader$bUG$c4.3$d9$e9$z55308
=650  \0$aRats$vFiction.
=650  \0$aCats$vJuvenile fiction.
=650  \0$aMusicians$vFiction.
=650  \0$aSwindlers and swindling$vFiction.
=650  \0$aHuman-animal relationships$vFiction.
=650  \0$aHumorous stories.
=800  1\$aPratchett, Terry.$tDiscworld (Young Adult) ;$v1.
=914  \\$a706570
=994  \\$a02$bZRK

