=LDR  00915cam  2200265Ia 4500
=001  180585
=005  20160611194511.0
=008  010221r20001985waua\\\\\\\\\\000\0\eng\d
=020  \\$a0786918047 (pbk.) :$c{dollar}7.99
=035  \\$a(OCoLC)ocm46000797
=040  \\$aIEP$cIEP$dH{dollar}Y$dUtOrBLW
=049  \\$aH{dollar}YA
=100  1\$aWeis, Margaret.
=245  10$aTime of the twins /$cMargaret Weis and Tracy Hickman ; poetry by Michael Williams ; cover art by Larry Elmore; interior art by Valerie Valusek.
=260  \\$aRenton, WA :$bWizrds of the Coast,$c2000.
=300  \\$a421 pages :$billustrations ;$c18 cm
=336  \\$atext$btxt$2rdacontent
=337  \\$aunmediated$bn$2rdamedia
=338  \\$avolume$bnc$2rdacarrier
=500  \\$aOriginally published: Renton, WA : TSR, 1995.
=650  \0$aKrynn (Imaginary place)$vFiction.
=655  \7$aFantasy fiction.$2gsafd
=700  1\$aHickman, Tracy.
=914  \\$a714014
=994  \\$a02$bH{dollar}Y

