=LDR  00886cam  2200301Ia 4500
=001  180588
=005  20160612035927.0
=008  010209t19881988nyu\\\\\\\\\\\000\1\eng\d
=020  \\$a0061020664
=035  \\$a(OCoLC)ocm45882651
=040  \\$aTLM$cTLM$dOEK$dUtOrBLW
=049  \\$aOEKA
=092  \\$aFiction
=100  1\$aPratchett, Terry.
=245  10$aWyrd sisters /$cby Terry Pratchett.
=260  \\$aNew York :$bHarperCollins,$c[1988], {copy}1988.
=300  \\$a265 pages ;$c18 cm
=336  \\$atext$btxt$2rdacontent
=337  \\$aunmediated$bn$2rdamedia
=338  \\$avolume$bnc$2rdacarrier
=521  8\$a700L$bLexile
=526  \\$aAccelerated Reader$bUG$c5.5$d13$e13$z46130
=650  \0$aDiscworld (Imaginary place)$vFiction.
=650  \0$aParanormal fiction.
=655  \7$aFantasy fiction.$2gsafd
=800  1\$aPratchett, Terry.$tDiscworld ;$v6.
=914  \\$a714018
=994  \\$aE0$bOEK

