=LDR  00988cam  2200325Ia 4500
=001  180589
=005  20160612035927.0
=008  010212r20011987nyu\\\\\\\\\\\000\1\eng\d
=020  \\$a0061020680
=035  \\$a(OCoLC)ocm45894907
=040  \\$aIMD$cIMD$dH{dollar}Y$dUtOrBLW
=049  \\$aH{dollar}YA
=100  1\$aPratchett, Terry.
=245  10$aMort :$ba novel of Discworld /$cTerry Pratchett.
=260  \\$aNew York, N.Y. :$bHarperTorch,$c2001, {copy}1987.
=300  \\$a243 pages ;$c17 cm.
=336  \\$atext$btxt$2rdacontent
=337  \\$aunmediated$bn$2rdamedia
=338  \\$avolume$bnc$2rdacarrier
=490  1\$aDiscworld
=521  8\$a830L$bLexile
=526  \\$aAccelerated Reader$bUG$c5.7$d11$e11$z46121
=650  \0$aDiscworld (Imaginary place)$vFiction.
=650  \0$aDeath$vFiction.
=650  \0$aApprentices$vFiction.
=650  \0$aMan-woman relationships$vFiction.
=655  \7$aFantasy fiction.$2gsafd
=800  1\$aPratchett, Terry.$tDiscworld ;$v4.
=914  \\$a714019
=994  \\$a02$bH{dollar}Y

