=LDR  01218cam  2200325Ia 4500
=001  180590
=005  20160612035928.0
=008  000313t20001983nyu\\\\\\\\\\\000\1\eng\d
=020  \\$a0061020710
=020  \\$a9780061020711
=035  \\$a(OCoLC)ocm43622625 
=035  \\$a(OCoLC)43622625
=040  \\$aGZG$cGZG$dLEO$dOCL$dBAKER$dLF8$dAZFX8$dIXA$dYDXCP$dBDX$dOEK$dUtOrBLW
=049  \\$aOEKA
=050  00$aPR6066.R34$bC6 1983
=082  00$a823/.914$219
=100  1\$aPratchett, Terry.
=245  14$aThe color of magic :$ba Discworld novel /$cTerry Pratchett.
=260  \\$aNew York :$bHarperPaperbacks,$c2000, {copy}1983.
=300  \\$a210 pages ;$c18 cm
=336  \\$atext$btxt$2rdacontent
=337  \\$aunmediated$bn$2rdamedia
=338  \\$avolume$bnc$2rdacarrier
=520  0\$aA slightly disorganized and somewhat naive interplanetary tourist named Twoflower joins up with a bumbling wizard and embarks on a chaotic voyage through a world filled with monsters and dragons, heroes and knaves.
=521  8\$a890L$bLexile
=526  \\$aAccelerated Reader$bUG$c6.4$d11$e11$z43814
=650  \0$aDiscworld (Imaginary place)$vFiction.
=800  1\$aPratchett, Terry.$tDiscworld series.
=914  \\$a714020
=994  \\$aC0$bOEK

