=LDR  00897cam  2200301Ia 4500
=001  180593
=005  20160612035928.0
=008  010214r20011988nyu\\\\\\\\\\\000\f\eng\d
=020  \\$a0061020672 :$c{dollar}6.50
=035  \\$a(OCoLC)ocm45914730
=040  \\$aUPZ$cUPZ$dH{dollar}Y$dUtOrBLW
=049  \\$aH{dollar}YA
=082  04$a823/.914$221
=100  1\$aPratchett, Terry.
=245  10$aSourcery :$ba novel of Discworld /$cTerry Pratchett.
=260  \\$aNew York :$bHarperTorch,$c2001.
=300  \\$a260 pages ;$c18 cm.
=336  \\$atext$btxt$2rdacontent
=337  \\$aunmediated$bn$2rdamedia
=338  \\$avolume$bnc$2rdacarrier
=490  1\$aDiscworld
=521  8\$a820L$bLexile
=526  \\$aAccelerated Reader$bUG$c6.1$d13$e13$z46122
=650  \0$aDiscworld (Imaginary place)$vFiction.
=655  \7$aFantasy fiction.$2gsafd
=800  1\$aPratchett, Terry.$tDiscworld ;$v5.
=914  \\$a714023
=994  \\$a02$bH{dollar}Y

