=LDR  01078cam  22003738a 4500
=001  181239
=005  20160612035950.0
=008  011113s2002\\\\nyu\\\\\\\\\\\000\1\eng\\
=010  \\$a  2001056466
=020  \\$a0743435230
=035  \\$a(OCoLC)ocm48451017
=040  \\$aDLC$cDLC$dUtOrBLW
=043  \\$ae-it---
=049  \\$aOEKA
=050  00$aPS3562.A246$bS53 2002
=082  00$a813/.54$221
=100  1\$aLackey, Mercedes.
=245  14$aThe shadow of the lion /$cMercedes Lackey, Eric Flint & Dave Freer.
=260  \\$aRiverdale, NY :$bBaen,$c2002.
=263  \\$a0203
=300  \\$a825 pages ;$c25 cm
=336  \\$atext$btxt$2rdacontent
=337  \\$aunmediated$bn$2rdamedia
=338  \\$avolume$bnc$2rdacarrier
=526  \\$aAccelerated Reader$bUG$c5.5$d44$e44$z70322
=650  \0$aBrothers$vFiction.
=650  \0$aMonsters$vFiction.
=651  \0$aVenice (Italy)$xHistory$y1508-1797$vFiction.
=655  \7$aFantasy fiction.$2gsafd
=655  \7$aHistorical fiction.$2gsafd
=700  1\$aFlint, Eric.
=700  1\$aFreer, Dave.
=914  \\$a715983
=994  \\$aX0$bOEK

