=LDR  00991cam  2200325 a 4500
=001  182682
=005  20160612040040.0
=008  011108s2002\\\\nyub\\\\\\\\\\000\1\eng\\
=010  \\$a  2001057480
=020  \\$a0312848811
=035  \\$a(OCoLC)ocm48475344
=040  \\$aDLC$cDLC$dC#P$dUtOrBLW
=050  00$aPR9619.3.M26755$bC48 2002
=082  00$a823/.92$221
=100  1\$aMarillier, Juliet.
=245  10$aChild of the prophecy /$cJuliet Marillier.
=250  \\$a1st ed.
=260  \\$aNew York :$bTor,$c2002.
=300  \\$a528 pages :$bmap ;$c25 cm.
=336  \\$atext$btxt$2rdacontent
=337  \\$aunmediated$bn$2rdamedia
=338  \\$avolume$bnc$2rdacarrier
=490  1\$aThe sevenwaters trilogy ;$vbk. 3
=500  \\$a"A Tom Doherty Associates book."
=521  8\$a760L$bLexile
=526  \\$aAccelerated Reader$bUG$c5.6$d33$e33$z57357
=650  \0$aMagic$vFiction.
=655  \7$aFantasy fiction.$2gsafd
=800  1\$aMarillier, Juliet.$tSevenwaters trilogy;$vbk. 3.
=914  \\$a719852

