=LDR  00993cam  2200325Ia 4500
=001  182799
=005  20160611194715.0
=008  020605t20022002waub\\\\\\\\\\000\f\eng\d
=020  \\$a0786927402 (U.S.)
=020  \\$a0786927410 (U.K.)
=020  \\$a0786929502 (pbk)
=035  \\$a(OCoLC)ocm49932534
=040  \\$aGEC$cGEC$dZFR$dUtOrBLW
=049  \\$aZFRA
=092  \\$aFIC
=100  1\$aWeis, Margaret.
=245  10$aDragons of a vanished moon :$bthe War of souls, volume III /$cMargaret Weis and Tracy Hickman.
=260  \\$aRenton, WA :$bWizards of the Coast,$c[2002], {copy}2002.
=300  \\$a548 pages ;$c24 cm.
=336  \\$atext$btxt$2rdacontent
=337  \\$aunmediated$bn$2rdamedia
=338  \\$avolume$bnc$2rdacarrier
=490  0\$aDragonlance
=490  1\$aThe war of souls ;$v3
=650  \0$aKrynn (Imaginary place)$vFiction.
=655  \7$aFantasy fiction.$2gsafd
=700  1\$aHickman, Tracy.
=800  1\$aWeis, Margaret.$tWar of souls;$v3.
=914  \\$a720257
=994  \\$aE0$bZFR

