=LDR  00892nam  22003018a 4500
=001  183766
=005  20160612040117.0
=008  020215t20022002nyu\\\\\\\\\\\000\0\eng\\
=010  \\$a  2002022798
=020  \\$a1400045088 (hc)
=035  \\$a(OCoLC)ocm49225974
=040  \\$aDLC$cDLC$dOEK$dUtOrBLW
=049  \\$aOEKA
=050  00$aPR6051.D3352$bS25 2002
=082  00$a823/.914$221
=100  1\$aAdams, Douglas,$d1952-2001.
=245  14$aThe salmon of doubt :$bhitchhiking the galaxy one last time /$cby Douglas Adams.
=250  \\$a1st ed.
=260  \\$aNew York :$bHarmony Books,$c[2002], {copy}2002.
=263  \\$a0205
=300  \\$axxxvi, 299 pages ;$c22 cm
=336  \\$atext$btxt$2rdacontent
=337  \\$aunmediated$bn$2rdamedia
=338  \\$avolume$bnc$2rdacarrier
=521  8\$a1120L$bLexile
=526  \\$aAccelerated Reader$bUG$c7.6$d15$e15$z102370
=914  \\$a723089
=994  \\$aX0$bOEK

