=LDR  02061cam  2200469 a 4500
=001  183767
=005  20170108014526.0
=008  020918s2002\\\\nyu\\\\\\\\\\\000\1\eng\d
=010  \\$a  2002512361
=020  \\$a9780765304759 (leatherbound ed. : acid-free paper)
=020  \\$a0765300176 (regular ed. : acid-free paper)
=020  \\$a9780765300171 (regular ed. : acid-free paper)
=020  \\$a0765304759 (leatherbound ed. : acid-free paper)
=035  \\$a(OCoLC)ocm51336647 
=035  \\$a(OCoLC)51336647$z(OCoLC)50390016$z(OCoLC)52517446
=040  \\$aJED$cJED$dDLC$dUBY$dHQB$dKLG$dBAKER$dYDXCP$dUtOrBLW
=042  \\$alccopycat
=050  00$aPS3553.A655$bS53 2002
=082  00$a813/.54$221
=100  1\$aCard, Orson Scott.
=245  10$aShadow puppets /$cOrson Scott Card.
=250  \\$a1st ed.
=260  \\$aNew York :$bTor,$c2002.
=300  \\$a348 pages ;$c25 cm
=336  \\$atext$btxt$2rdacontent
=337  \\$aunmediated$bn$2rdamedia
=338  \\$avolume$bnc$2rdacarrier
=500  \\$a"A Tom Doherty Associates book."
=505  0\$aGrown -- Suriyawong's knife -- Mommies and daddies -- Chopin -- Stones in the road -- Hospitality -- The human race -- Targets -- Conception -- Left and right -- Babies -- Putting out fires -- Caliph -- Space station -- War plans -- Traps -- Prophets -- The war on the ground -- Farewells -- Home.
=520  \\$aAs the nations of the earth attempt to control the children trained at Battle School, Peter Wiggin continues to consolidate his power with the help of Bean and Petra.
=521  8\$a850L$bLexile
=526  \\$aAccelerated Reader$bUG$c6.1$d16$e16$z62980
=600  \0$aWiggin, Ender$c(Fictitious character)$vFiction.
=600  \0$aWiggin, Peter$c(Fictitious character)$vFiction.
=650  \0$aSpace warfare$vFiction.
=650  \0$aWar games$vFiction.
=650  \0$aChild soldiers$vFiction.
=655  \0$aScience fiction, American.
=655  \7$aScience fiction.$2gsafd
=655  \7$aScience fiction, American.$2gsafd
=800  1\$aCard, Orson Scott.$tShadow saga;$v3.
=914  \\$a723090

