=LDR  01012cam  2200325Ia 4500
=001  185029
=005  20160612040204.0
=008  010809t20011989nyu\\\\\\\\\\\000\1\eng\d
=020  \\$a0061020656 (pbk.) :$c{dollar}6.99
=035  \\$a(OCoLC)ocm47751524
=040  \\$aIMF$cIMF$dH{dollar}Y$dUtOrBLW
=049  \\$aH{dollar}YA
=100  1\$aPratchett, Terry.
=245  10$aPyramids :$ba novel of Discworld /$cTerry Pratchett.
=260  \\$aNew York :$bHarperTorch,$c[2001] {copy}1989.
=300  \\$a323 pages ;$c18 cm.
=336  \\$atext$btxt$2rdacontent
=337  \\$aunmediated$bn$2rdamedia
=338  \\$avolume$bnc$2rdacarrier
=490  1\$aDiscworld series
=521  8\$a760L$bLexile
=526  \\$aAccelerated Reader$bUG$c5.7$d14$e14$z54569
=650  \0$aPyramids$vFiction.
=650  \0$aBildungsromans.
=650  \0$aBildungsromans$xHistory and criticism.
=650  \0$aDiscworld (Imaginary place)$vFiction.
=655  \7$aScience fiction.$2gsafd
=800  1\$aPratchett, Terry.$tDiscworld ;$v7.
=914  \\$a726976
=994  \\$a02$bH{dollar}Y

