=LDR  01035cam  22003618a 4500
=001  185670
=005  20160612040224.0
=008  020415s2002\\\\nyu\\\\\\\\\\\000\1\eng\\
=010  \\$a  2002067386
=020  \\$a0345435753
=020  \\$a0345435729
=035  \\$a(OCoLC)ocm49664548
=040  \\$aDLC$cDLC$dOEK$dUtOrBLW
=049  \\$aOEKA
=050  00$aPS3552.R6596$bM67 2002
=082  00$a813/.54$221
=100  1\$aBrooks, Terry.
=245  10$aMorgawr /$cTerry Brooks.
=250  \\$a1st ed.
=260  \\$aNew York :$bDel Rey,$c2002.
=263  \\$a0209
=300  \\$a401 pages ;$c25 cm.
=336  \\$atext$btxt$2rdacontent
=337  \\$aunmediated$bn$2rdamedia
=338  \\$avolume$bnc$2rdacarrier
=490  1\$aThe voyage of the Jerle Shannara ;$vbk. 3
=521  8\$a890L$bLexile
=526  \\$aAccelerated Reader$bUG$c6.5$d22$e22$z66275
=650  \0$aDruids and druidism$vFiction.
=655  \7$aFantasy fiction.$2gsafd
=800  1\$aBrooks, Terry.$tVoyage of the Jerle Shannara;$vbk. 3.
=914  \\$a728695
=994  \\$aX0$bOEK

