=LDR  00691cam  2200253Ka 4500
=001  189106
=005  20160611195304.0
=008  020618s2002\\\\nyu\\\\\\\\\\\000\0\eng\d
=020  \\$a0345444388 (pbk.) :$c{dollar}18.95
=035  \\$a(OCoLC)ocm50014396
=040  \\$aLI@A$cLI@$dZPP$dUtOrBLW
=049  \\$aZPPA
=092  \\$aSF$bMIEV
=100  1\$aMi{acute}eville, China.
=245  14$aThe scar /$cChina Mieville.
=260  \\$aNew York :$bBAllantine Books,$c2002.
=300  \\$a638 pages ;$c24 cm
=336  \\$atext$btxt$2rdacontent
=337  \\$aunmediated$bn$2rdamedia
=338  \\$avolume$bnc$2rdacarrier
=650  \0$aFantasy fiction.
=650  \0$aPrisoners$vFiction.
=914  \\$a738837
=994  \\$aE0$bZPP

