=LDR  01300cam  2200397 a 4500
=001  189506
=005  20170303113651.0
=008  890706s1990\\\\nyu\\\\\\\\\\\000\1\eng\\
=010  \\$a   89037438 
=020  \\$a0385249500
=020  \\$a9780385249508
=020  \\$a0385267479$q(pbk.)
=020  \\$a9780385267472$q(pbk.)
=020  \\$a0553288202$q(mass market pbk.)
=035  \\$a(OCoLC)ocm20093277 
=035  \\$a(OCoLC)20093277
=035  \\$a123648
=040  \\$aDLC$beng$cDLC$dBAKER$dBTCTA$dYDXCP$dBRENT$dYVO$dWAU$dTXLYM$dBDX$dOCLCF$dOCLCQ$dUtOrBLW
=049  \\$aOEKA
=050  00$aPS3569.I47292$bF35 1990
=082  00$a813/.54$220
=100  1\$aSimmons, Dan,$d1948-
=245  14$aThe fall of Hyperion /$cDan Simmons.
=250  \\$a1st ed.
=260  \\$aNew York :$bDoubleday,$c1990.
=300  \\$a517 pages ;$c22 cm
=336  \\$atext$btxt$2rdacontent
=337  \\$aunmediated$bn$2rdamedia
=338  \\$avolume$bnc$2rdacarrier
=500  \\$aSequel to: Hyperion.
=500  \\$a"A Foundation book."
=520  \\$aThe entire galaxy is threatened when the Time Tombs in the world of Hyperion begin to open after being closed off for years, unleashing danger from their depths.
=650  \0$aScience fiction.
=655  \7$aScience fiction.$2gsafd
=914  \\$a739883
=994  \\$aC0$bOEK

