=LDR  01169cam  22003738a 4500
=001  190000
=005  20170108014527.0
=008  021217s2003\\\\nyu\\\\\\\\\\\000\1\eng\\
=010  \\$a  2002032787
=020  \\$a0812571339
=020  \\$a0312864590 (regular ed.)
=020  \\$a0312877757 (limited ed.)
=035  \\$a(OCoLC)ocm51304280
=040  \\$aDLC$cDLC$dJTE$dUtOrBLW
=049  \\$aOEKA
=050  00$aPS3560.O7617$bC75 2003
=082  00$a813/.54$221
=100  1\$aJordan, Robert,$d1948-2007.
=245  10$aCrossroads of twilight /$cRobert Jordan.
=260  \\$aNew York :$bTor,$c2003.
=300  \\$apages ;$ccm. .
=336  \\$atext$btxt$2rdacontent
=337  \\$aunmediated$bn$2rdamedia
=338  \\$avolume$bnc$2rdacarrier
=490  1\$aWheel of time
=490  0\$aWheel of time;$vbk 10
=500  \\$a"Tom Doherty Associates book."
=526  \\$aAccelerated Reader$bUG$c7.1$d45$e45$z69267
=650  \0$aRand al'Thor (Fictitious character)$vFiction.
=655  \7$aFantasy fiction.$2gsafd
=800  1\$aJordan, Robert,$d1948-2007.$tWheel of time ;$vbk. 10.
=800  1\$aJordan, Robert,$d1948-2007.$tWheel of time.
=914  \\$a741319
=994  \\$aX0$bOEK

