=LDR  01064cam  22003618a 4500
=001  190244
=005  20160612040509.0
=008  020515t20022002nyu\\\\\\\\\\\000\1\eng\\
=010  \\$a  2002068684
=020  \\$a0060013117
=035  \\$a(OCoLC)ocm49874610
=040  \\$aDLC$cDLC$dOEK$dUtOrBLW
=049  \\$aOEKA
=050  00$aPR6066.R34$bN34 2002
=082  00$a823/.914$221
=100  1\$aPratchett, Terry.
=245  10$aNight watch /$cTerry Pratchett.
=250  \\$a1st ed.
=260  \\$aNew York :$bHarperCollins,$c[2002], {copy}2002.
=263  \\$a0212
=300  \\$a338 pages ;$c24 cm
=336  \\$atext$btxt$2rdacontent
=337  \\$aunmediated$bn$2rdamedia
=338  \\$avolume$bnc$2rdacarrier
=521  8\$a720L$bLexile
=526  \\$aAccelerated Reader$bUG$c5.0$d17$e17$z66783
=650  \0$aVimes, Samuel (Fictitious character)$vFiction.
=650  \0$aDiscworld (Imaginary place)$vFiction.
=650  \0$aTime travel$vFiction.
=655  \7$aFantasy fiction.$2gsafd
=800  1\$aPratchett, Terry.$tDiscworld ;$v28.
=914  \\$a742014
=994  \\$aX0$bOEK

