=LDR  00892cam  2200289Ka 4500
=001  190667
=005  20160611195428.0
=008  020819t20022002wau\\\\\\\\\\\000\1\eng\d
=020  \\$a0786928042
=020  \\$a9780786929801 (pbk)
=035  \\$a(OCoLC)ocm50427250
=040  \\$aBRL$cBRL$dFTL$dE9G$dUtOrBLW
=049  \\$aE9GA
=090  \\$aPS3569.A462345$bT46 2002x
=092  \\$aSALVATOR R
=100  1\$aSalvatore, R. A.,$d1959-
=245  14$aThe thousand Orcs /$cR.A. Salvatore.
=260  \\$aRenton, WA :$bWizards of the Coast,$c[2002], {copy}2002.
=300  \\$a345 pages ;$c24 cm.
=336  \\$atext$btxt$2rdacontent
=337  \\$aunmediated$bn$2rdamedia
=338  \\$avolume$bnc$2rdacarrier
=490  1\$aThe Hunter's Blades trilogy ;$vbk. 1
=650  \0$aFantasy fiction, American.
=800  1\$aSalvatore, R. A.,$d1959-$tHunter's blades trilogy;$vbk. 1.
=914  \\$a743248
=994  \\$a02$bE9G

