=LDR  02352cam  2200337 a 4500
=001  192575
=005  20170108014527.0
=008  020719s2002\\\\nyu\\\\\\\\\\\000\1\eng\\
=010  \\$a  2002026222
=020  \\$a9780345453754 : HRD$c40.00
=020  \\$a0345453751 : HRD$c40.00
=035  \\$a(OCoLC)ocm50285008
=040  \\$aDLC$cDLC$dYDX$dUtOrBLW
=049  \\$aZPJA
=050  00$aPS3552.R6596$bS95 2002
=082  00$a813/.54$221
=100  1\$aBrooks, Terry.
=245  14$aThe sword of Shannara trilogy /$cTerry Brooks.
=250  \\$a1st ed.
=260  \\$aNew York :$bDel Rey,$c2002.
=300  \\$a1,191 pages ;$c24 cm
=336  \\$atext$btxt$2rdacontent
=337  \\$aunmediated$bn$2rdamedia
=338  \\$avolume$bnc$2rdacarrier
=505  0\$aThe sword of Shannara -- The elfstones of Shannara -- The wishsong of Shannara.
=520  \\$aThe Sword of Shannara: Long ago, the wars of the ancient Evil ruined the world. In peaceful Shady Vale, half-elfin Shea Ohmsford knows little of such troubles. But the supposedly dead Warlock Lord is plotting to destroy everything in his wake. The sole weapon against this Power of Darkness is the Sword of Shannara, which can be used only by a true heir of Shannara. On Shea, last of the bloodline, rests the hope of all the races. --Publisher
=520  \\$aThe Elfstones of Shannara: The magical Ellcrys tree is dying, loosening the spell that bars the Demons from enacting vengeance upon the land. Now Wil Ohmsford must guard the Elven girl Amberle on a perilous quest as she carries one of the Ellcrys? seeds to a mysterious place where it can be quickened into a powerful new force. But dark on their trail comes the Reaper, most fearsome of all Demons, aiming to crush their mission at any cost. --Publisher
=520  \\$aThe wishsong of Shannara: An ancient Evil is stirring to new life, sending its ghastly Mord Wraiths to destroy Mankind. To win through the vile growth that protects this dark force, the Druid Allanon needs Brin Ohmsford?for she alone holds the magic power of the wishsong. Reluctantly Brin joins the Druid on his dangerous journey. But a prophecy foretells doom, as Evil nurses its plans to trap the unsuspecting Brin into a fate far more horrible than death. --Publisher
=650  \0$aShannara (Imaginary place)$vFiction.
=650  \0$aFantasy fiction, American.
=914  \\$a748498

