=LDR  01126cam  2200361 a 4500
=001  193389
=005  20160612040704.0
=008  020705s2002\\\\nyu\\\\\\\\\\\000\1\eng\\
=010  \\$a  2002028581
=020  \\$a0765301571 (alk. paper)
=020  \\$a0765305852 (leather bound : alk. paper)
=035  \\$a(OCoLC)ocm50192212
=040  \\$aDLC$cDLC$dYDX$dUtOrBLW
=049  \\$aOEKA
=050  00$aPS3558.E617$bD89 2003
=082  00$a813/.54$221
=100  1\$aHerbert, Brian.
=245  10$aDune.$pThe Butlerian jihad /$cBrian Herbert and Kevin J. Anderson.
=246  30$aButlerian jihad.
=250  \\$a1st ed.
=260  \\$aNew York :$bTor,$c2002.
=300  \\$a621 pages ;$c25 cm
=336  \\$atext$btxt$2rdacontent
=337  \\$aunmediated$bn$2rdamedia
=338  \\$avolume$bnc$2rdacarrier
=500  \\$a"A Tom Doherty Associates book."
=521  8\$a800L$bLexile
=526  \\$aAccelerated Reader$bUG$c8.3$d34$e34$z84645
=650  \0$aDune (Imaginary place)$vFiction.
=655  \7$aScience fiction.$2gsafd
=700  1\$aAnderson, Kevin J.,$d1962- .
=800  1\$aHerbert, Brian.$tLegends of Dune ;$v1.
=914  \\$a750714

