=LDR  01301cam  2200325 a 4500
=001  193819
=005  20160611195723.0
=008  020220t20022002ilu\\\\\\\\\\\000\1\eng\\
=010  \\$a  2002002503
=020  \\$a1930846118
=035  \\$a(OCoLC)ocm49225258
=040  \\$aDLC$cDLC$dUtOrBLW
=049  \\$aOEKA
=050  00$aPS3552.A4313$bB55 2002
=082  00$a813/.54$221
=100  1\$aBaker, Kage.
=245  10$aBlack projects, white knights :$bthe company dossiers /$cKage Baker.
=250  \\$a1st ed.
=260  \\$aUrbana, IL :$bGolden Gryphon Press,$c[2002], {copy}2002.
=300  \\$axv, 288 pages ;$c22 cm
=336  \\$atext$btxt$2rdacontent
=337  \\$aunmediated$bn$2rdamedia
=338  \\$avolume$bnc$2rdacarrier
=505  0\$aNoble mold -- Smart Alec -- Facts relating to the arrest of Dr. Kalugin -- Old flat top -- The dust enclosed here -- The literary agent -- Lemuria will rise! -- The wreck of the Gladstone -- Monster story -- Hanuman -- Studio dick drowns near Malibu -- The likely lad -- The queen in yellow -- The hotel at Harlan's Landing.
=650  \0$aImmortalism$vFiction.
=650  \0$aTime travel$vFiction.
=650  \0$aScience fiction, American.
=650  \0$aDr. Zeus Incorporated (Imaginary organization)$vFiction.
=800  1\$aBaker, Kage.$tThe Company.
=914  \\$a751685

