=LDR  00976cam  22003378a 4500
=001  196057
=005  20160611195930.0
=008  020530s2002\\\\nyu\\\\\\\\\\\000\1\eng\\
=010  \\$a  2002074517
=020  \\$a0441009743 (alk. paper)
=035  \\$a(OCoLC)ocm49976726
=040  \\$aDLC$cDLC$dOEK$dUtOrBLW
=049  \\$aOEKA
=050  00$aPS3569.T338425$bC69 2002
=082  00$a813/.54$221
=100  1\$aSteele, Allen M.
=245  10$aCoyote :$ba novel of interstellar exploration /$cAllen M. Steele.
=250  \\$a1st ed.
=260  \\$aNew York :$bAce Books,$c2002.
=263  \\$a0211
=300  \\$a390 pages ;$c24 cm
=336  \\$atext$btxt$2rdacontent
=337  \\$aunmediated$bn$2rdamedia
=338  \\$avolume$bnc$2rdacarrier
=650  \0$aSpace colonies$vFiction.
=650  \0$aDissenters$vFiction.
=651  \0$aOuter space$xExploration$vFiction.
=655  \7$aPolitical fiction.$2lcgft
=655  \7$aScience fiction.$2gsafd
=914  \\$a757327
=994  \\$aX0$bOEK

