=LDR  01053cam  22003738a 4500
=001  198344
=005  20160612041006.0
=008  021016s2003\\\\nyu\\\\\\\\\\\000\1\eng\\
=010  \\$a  2002036669
=020  \\$a0345448359
=035  \\$a(OCoLC)ocm50906517
=040  \\$aDLC$cDLC$dOEK$dUtOrBLW
=043  \\$an-us-va
=049  \\$aOEKA
=050  00$aPS3552.E157$bD39 2003
=082  00$a813/.54$221
=100  1\$aBear, Greg,$d1951-
=245  10$aDarwin's children /$cby Greg Bear.
=260  \\$aNew York :$bBallantine,$c2003.
=263  \\$a0304
=300  \\$a387 pages ;$c25 cm
=336  \\$atext$btxt$2rdacontent
=337  \\$aunmediated$bn$2rdamedia
=338  \\$avolume$bnc$2rdacarrier
=526  \\$aAccelerated Reader$bUG$c5.4$d21$e21$z69116
=650  \0$aMutation (Biology)$vFiction.
=650  \0$aParent and child$vFiction.
=650  \0$aSocial control$vFiction.
=650  \0$aChildren$vFiction.
=650  \0$aViruses$vFiction.
=651  \0$aVirginia$vFiction.
=655  \7$aScience fiction.$2gsafd
=914  \\$a763855
=994  \\$aX0$bOEK

