=LDR  00901cam  2200301Ia 4500
=001  198633
=005  20160611200152.0
=008  970613r19971996nyu\\\\\\\\\\\000\1\eng\d
=010  \\$z95049292
=020  \\$a0553573985 (pbk.)
=035  \\$a(OCoLC)ocm37111379 
=040  \\$aKUT$cKUT$dOCL$dH{dollar}Y$dUtOrBLW
=049  \\$aH{dollar}YA
=090  \\$aPS3570.E673$bG53 1997
=092  0\$a813/.54$220
=100  1\$aTepper, Sheri S.
=245  10$aGibbon's decline and fall /$cSheri S. Tepper.
=260  \\$aNew York :$bBantam,$c1997, {copy}1996.
=300  \\$a465 pages ;$c18 cm
=336  \\$atext$btxt$2rdacontent
=337  \\$aunmediated$bn$2rdamedia
=338  \\$avolume$bnc$2rdacarrier
=500  \\$aReprint. Previously published in hardcover: New York : Bantam, 1996.
=650  \0$aFundamentalism$vFiction.
=655  \7$aFantasy fiction.$2gsafd
=655  \7$aLegal stories.$2gsafd
=914  \\$a764790
=994  \\$a02$bH{dollar}Y

