=LDR  00980cam  22003378a 4500
=001  200419
=005  20160611200330.0
=008  030523s2003\\\\nyu\\\\\\\\\\\000\1\eng\\
=010  \\$a  2003053348
=020  \\$a0765305224 (alk. paper)
=020  \\$a0765307332 (limited ed.)
=035  \\$a(OCoLC)ocm52381073
=040  \\$aDLC$cDLC$dFTL$dUtOrBLW
=049  \\$aZPJA
=050  00$aPS3557.O5826$bN35 2003
=082  00$a813/.54$221
=100  1\$aGoodkind, Terry.
=245  10$aNaked empire /$cTerry Goodkind.
=250  \\$a1st ed.
=260  \\$aNew York :$bTor,$c2003.
=263  \\$a0307
=300  \\$a667 pages ;$c25 cm
=336  \\$atext$btxt$2rdacontent
=337  \\$aunmediated$bn$2rdamedia
=338  \\$avolume$bnc$2rdacarrier
=500  \\$a"A Tom Doherty Associates book."
=650  \0$aWizards$vFiction.
=650  \0$aRahl, Richard (Fictitious character)$vFiction.
=655  \7$aFantasy fiction.$2gsafd
=800  1\$aGoodkind, Terry.$tSword of truth;$v8.
=914  \\$a770209

