=LDR  00977cam  22003378a 4500
=001  201056
=005  20160611200406.0
=008  021224s2003\\\\nyu\\\\\\\\\\\000\1\eng\\
=010  \\$a  2002045492
=020  \\$a076530063X
=035  \\$a(OCoLC)ocm51305905
=040  \\$aDLC$cDLC$dOEK$dUtOrBLW
=049  \\$aOEKA
=050  00$aPS3600.A1$bA88 2003
=082  00$a813/.08708$221
=245  00$aArtifact :$ba Daredevils Club adventure /$cKevin J. Anderson [and others].
=250  \\$a1st ed.
=260  \\$aNew York :$bForge,$c2003.
=263  \\$a0305
=300  \\$apages ;$ccm.
=336  \\$atext$btxt$2rdacontent
=337  \\$aunmediated$bn$2rdamedia
=338  \\$avolume$bnc$2rdacarrier
=500  \\$a"A Tom Doherty Associates book."
=650  \0$aAstrogeology$vFiction.
=650  \0$aEnergy development$vFiction.
=655  \7$aSuspense fiction.$2gsafd
=655  \7$aAdventure fiction.$2gsafd
=700  1\$aAnderson, Kevin J.,$d1962- .
=914  \\$a771978
=994  \\$aX0$bOEK

