=LDR  00987cam  22003498a 4500
=001  205991
=005  20160612041446.0
=008  030108r20032002nyu\\\\\\\\\\\000\1\eng\\
=010  \\$a  2003041015
=020  \\$a0765306727 (alk. paper)
=020  \\$a0765345900 (pbk)
=035  \\$a(OCoLC)ocm51511077
=040  \\$aDLC$cDLC$dUtOrBLW
=049  \\$aOEKA
=050  00$aPR9619.3.M26755$bW65 2003
=082  00$a823/.92$221
=100  1\$aMarillier, Juliet.
=245  10$aWolfskin /$cJuliet Marillier.
=250  \\$a1st U.S. ed.
=260  \\$aNew York :$bTor,$c2003.
=263  \\$a0306
=300  \\$a493 pages ;$c25 cm
=336  \\$atext$btxt$2rdacontent
=337  \\$aunmediated$bn$2rdamedia
=338  \\$avolume$bnc$2rdacarrier
=500  \\$a"A Tom Doherty Associates book."
=526  \\$aAccelerated Reader$bUG$c6.2$d35$e35$z73472
=650  \0$aVikings$vFiction.
=650  \0$aVoyages and travels$vFiction.
=655  \7$aFantasy fiction.$2gsafd
=914  \\$a784887
=994  \\$aX0$bOEK

