=LDR  00832cam  22002778a 4500
=001  207161
=005  20160611200952.0
=008  020225r20021985nyu\\\\\\\\\\\000\f\eng\\
=015  \\$aGBA2-Y3826
=020  \\$a0743444965 (pb)
=035  \\$a(OCoLC)ocm49239966
=040  \\$aUKM$cUKM$dOCLCQ$dH{dollar}Y$dUtOrBLW
=049  \\$aH{dollar}YA
=082  04$a813.54$221
=100  1\$aBear, Greg,$d1951-
=245  10$aBlood music /$cGreg Bear.
=260  \\$aNew York :$bIbooks ;$aLondon :$bSimon & Schuster,$c2002.
=300  \\$a344 pages ;$c18 cm
=336  \\$atext$btxt$2rdacontent
=337  \\$aunmediated$bn$2rdamedia
=338  \\$avolume$bnc$2rdacarrier
=500  \\$aOriginally published: New York: Arbor House, 1985; London: Gollancz, 1986.
=650  \0$aScientists$vFiction.
=655  \7$aScience fiction.$2gsafd
=914  \\$a787924
=994  \\$a02$bH{dollar}Y

