=LDR  00957cam  2200313Ia 4500
=001  207455
=005  20160612041538.0
=008  031020s2003\\\\nyu\\\\\\\\\\\000\1\eng\d
=020  \\$a0765302195
=035  \\$a(OCoLC)ocm53234606
=040  \\$aSDL$cSDL$dMR0$dE9G$dUtOrBLW
=049  \\$aE9GA
=100  1\$aLackey, Mercedes.
=245  14$aThe outstretched shadow /$cMercedes Lackey and James Mallory.
=250  \\$a1st ed.
=260  \\$aNew York :$bTor,$c2003.
=300  \\$a604 pages ;$c25 cm.
=336  \\$atext$btxt$2rdacontent
=337  \\$aunmediated$bn$2rdamedia
=338  \\$avolume$bnc$2rdacarrier
=490  1\$aObsidian trilogy ;$vbk. one
=500  \\$a"A Tom Doherty Associates book."
=526  \\$aAccelerated Reader$bUG$c7.4$d43$e43$z77828
=650  \0$aElves$vFiction.
=650  \0$aMagic$vFiction.
=655  \7$aFantasy fiction.$2gsafd
=700  1\$aMallory, James.
=800  1\$aLackey, Mercedes.$tObsidian trilogy;$vbk. one.
=914  \\$a788820

