=LDR  00957cam  22003498a 4500
=001  208317
=005  20160611201058.0
=008  030214s2003\\\\nyu\\\\\\\\\\\000\1\eng\\
=010  \\$a  2003042649
=020  \\$a0765308185 (acid-free paper)
=035  \\$a(OCoLC)ocm51755830
=040  \\$aDLC$cDLC$dUtOrBLW
=049  \\$aOEKA
=050  00$aPS3552.A4313$bA85 2003
=082  00$a813/.54$221
=100  1\$aBaker, Kage.
=245  14$aThe anvil of the world /$cKage Baker.
=250  \\$a1st ed.
=260  \\$aNew York :$bTor,$c2003.
=263  \\$a0308
=300  \\$a350 pages ;$c22 cm
=336  \\$atext$btxt$2rdacontent
=337  \\$aunmediated$bn$2rdamedia
=338  \\$avolume$bnc$2rdacarrier
=500  \\$a"A Tom Doherty Associates book."
=650  \0$aDemonology$vFiction.
=650  \0$aHotelkeepers$vFiction.
=650  \0$aMagic$vFiction.
=650  \0$aFamilies$vFiction.
=655  \7$aFantasy fiction.$2gsafd
=914  \\$a791313
=994  \\$aX0$bOEK

