=LDR  01077cam  2200301Ia 4500
=001  208617
=005  20160611201116.0
=008  931111s1993\\\\nyua\\\\\\\\\\000\1\eng\d
=010  \\$a   92021604 
=020  \\$a0553560735 (pbk.) :$c{dollar}5.99
=035  \\$a(OCoLC)ocm29301237
=040  \\$aSPL$cSPL$dSLC$dDAY$dIXA$dOCL$dOCLCQ$dUtOrBLW
=049  \\$aZPJA
=090  \\$aPS3568.O2893$bR44 1993b
=092  \\$aSF$bRobinson
=100  1\$aRobinson, Kim Stanley.
=245  10$aRed Mars /$cKim Stanley Robinson.
=260  \\$aNew York :$bBantam Books,$c1993.
=300  \\$a572 pages :$billustrations ;$c18 cm
=336  \\$atext$btxt$2rdacontent
=337  \\$aunmediated$bn$2rdamedia
=338  \\$avolume$bnc$2rdacarrier
=520  0\$aJohn Boone, Maya Toitovna, Frank Chalmers, and Arkady Bogdanov lead a mission whose ultimate goal is the terraforming of Mars in order to release moisture onto their desolate landscape. --Publisher.
=650  \0$aScience fiction, American.
=651  \0$aMars (Planet)$vFiction.
=655  \7$aScience fiction.$2gsafd
=914  \\$a792146
=994  \\$aX0$bZPJ

