=LDR  01386cam  2200397Ja 4500
=001  209125
=005  20160612041634.0
=008  840514t19841984wiua\\\\\\\\\\000\1\eng\\
=010  \\$a  2002568016$z84051122
=020  \\$a0880381736 (pbk.) :$c{dollar}2.95
=020  \\$a0786915749 (pbk.)
=035  \\$a(OCoLC)ocm49727330 
=040  \\$aDLC$cDLC$dOCLCQ$dE9G$dUtOrBLW
=049  \\$aE9GA
=050  10$aPS3573.E3978$bD7 1984
=051  \\$aCPB Box no. 1907 vol. 6
=082  00$a813/.54$219
=100  1\$aWeis, Margaret.
=245  10$aDragons of autumn twilight /$cby Margaret Weiss and Tracy Hickman ; poetry by Michael Williams ; interior art by Denis Beauvais.
=260  \\$aLake Geneva, WI :$bTSR,$c[1984], {copy}1984.
=300  \\$a447 pages :$billustrations ;$c18 cm.
=336  \\$atext$btxt$2rdacontent
=337  \\$aunmediated$bn$2rdamedia
=338  \\$avolume$bnc$2rdacarrier
=490  1\$aDragonlance chronicles ;$vv. 1
=521  8\$a770L$bLexile
=526  \\$aAccelerated Reader$bUG$c5.8$d23$e23$z74895
=650  \0$aDragons$vFiction.
=650  \0$aKrynn (Imaginary place)$vFiction.
=655  \7$aFantasy fiction.$2gsafd
=700  1\$aHickman, Tracy.
=700  1\$aWilliams, Michael,$d1952 December 17-
=710  2\$aCopyright Paperback Collection (Library of Congress)$5DLC
=800  1\$aWeis, Margaret.$tDragonlance chronicles ;$vv. 1.
=914  \\$a793883
=994  \\$a02$bE9G

