=LDR  01097cam  22003738a 4500
=001  209421
=005  20160612041643.0
=008  030613s2003\\\\nyu\\\\\\\\\\\000\1\eng\\
=010  \\$a  2003055992
=020  \\$a0312864833
=035  \\$a(OCoLC)ocm52519083
=040  \\$aDLC$cDLC$dJSZ$dUtOrBLW
=049  \\$aZFRA
=050  00$aPS3553.A655$bC79 2003
=082  00$a813/.54$221
=100  1\$aCard, Orson Scott.
=245  14$aThe crystal city /$cOrson Scott Card.
=250  \\$a1st ed.
=260  \\$aNew York :$bTor,$c2003.
=263  \\$a0311
=300  \\$a384 pages ;$c24 cm.
=336  \\$atext$btxt$2rdacontent
=337  \\$aunmediated$bn$2rdamedia
=338  \\$avolume$bnc$2rdacarrier
=490  1\$aAlvin Maker ;$v#6
=521  8\$a930L$bLexile
=526  \\$aAccelerated Reader$bUG$c5.7$d17$e17$z77826
=600  \0$aMaker, Alvin$vFiction.
=650  \0$aMagic$vFiction.
=650  \0$aImaginary wars and battles$vFiction.
=655  \7$aFantasy fiction.$2gsafd
=655  \7$aAlternative histories (Fiction)$2lcgft
=800  1\$aCard, Orson Scott.$tTales of Alvin Maker;$v6.
=914  \\$a794822

