=LDR  01482cam  2200373Ia 4500
=001  209667
=005  20160612041652.0
=008  920729t19921991nyu\\\\\\\\\\\000\1\eng\d
=020  \\$a0812509250 (pbk.) :$c{dollar}5.99 ({dollar}6.99 Can.)
=035  \\$a(OCoLC)ocm26280785
=040  \\$aMRQ$cMRQ$dSVP$dOHI$dNNF$dZPP$dUtOrBLW
=049  \\$aZPPA
=090  \\$aPS3553.A655$bX46 1992x
=100  1\$aCard, Orson Scott.
=245  10$aXenocide /$cOrson Scott Card.
=260  \\$aNew York :$bTom Doherty Associates,$c1992, {copy}1991.
=300  \\$axi, 592 pages ;$c18 cm.
=336  \\$atext$btxt$2rdacontent
=337  \\$aunmediated$bn$2rdamedia
=338  \\$avolume$bnc$2rdacarrier
=490  1\$aEnder saga
=500  \\$a"A TOR book."
=500  \\$aSequel to: Ender's game and Speaker for the dead.
=520  0\$aThe Starways Congress decides that the deadly virus on Lusitania must be wiped out and sends a fleet to destroy it. After the fleet disappears, Gloriously Bright, the most brilliant mind in a world of people bred for superintelligence, is selected to solve the mystery.
=521  8\$a890L$bLexile
=526  \\$aAccelerated Reader$bUG$c6.3$d29$e29$z28452
=600  \0$aWiggin, Ender$c(Fictitious character)$vFiction.
=650  \0$aViruses$vFiction.
=650  \0$aLife on other planets$vFiction.
=650  \0$aSpace warfare$vFiction.
=655  \7$aScience fiction.$2gsafd
=800  1\$aCard, Orson Scott.$tEnder saga;$v3.
=800  1\$aCard, Orson Scott.$tEnder saga.
=914  \\$a795570

