=LDR  01090cam  2200349Ia 4500
=001  210175
=005  20160611201243.0
=008  040721r20042003nyu\\\\\\\\\\\000\1\eng\d
=010  \\$a  2003047345
=020  \\$a0765341603
=020  \\$a9780765341600
=035  \\$a(OCoLC)ocm55983314 
=035  \\$a(OCoLC)55983314
=040  \\$aDPB$cDPB$dBAKER$dBTCTA$dOCLCG$dH{dollar}Y$dUtOrBLW
=049  \\$aH{dollar}YA
=050  14$aPR9199.3.W4987$bB59 2004
=082  04$a813/.54$222
=100  1\$aWilson, Robert Charles,$d1953-
=245  10$aBlind Lake /$cRobert Charles Wilson.
=250  \\$a1st mass market ed.
=260  \\$aNew York :$bTor,$c2004, {copy}2003.
=300  \\$a399 pages ;$c18 cm
=336  \\$atext$btxt$2rdacontent
=337  \\$aunmediated$bn$2rdamedia
=338  \\$avolume$bnc$2rdacarrier
=500  \\$a"A Tom Doherty Associates book."
=500  \\$aReprint. Originally published: c2003.
=655  \7$aFantasy fiction.$2gsafd
=914  \\$a797254
=938  \\$aBaker & Taylor$bBKTY$c6.99$d5.59$i0765341603$n0004422020$sactive
=938  \\$aBaker and Taylor$bBTCP$nBK0004422020
=994  \\$aC0$bH{dollar}Y

