=LDR  01399cam  22004338a 4500
=001  212044
=005  20160612041816.0
=008  030605s2003\\\\nyu\\\\\\\\\\\000\1\eng\\
=010  \\$a  2003055954
=020  \\$a076530158X (acid-free paper)
=020  \\$a076534078X (pbk)
=035  \\$a(OCoLC)ocm52429634
=040  \\$aDLC$cDLC$dUtOrBLW
=049  \\$aZFRA
=050  00$aPS3558.E617$bD895 2003
=082  00$a813/.54$221
=100  1\$aHerbert, Brian.
=245  10$aDune.$pThe machine crusade /$cBrian Herbert and Kevin J. Anderson.
=246  30$aMachine crusade
=250  \\$a1st ed.
=260  \\$aNew York :$bTor,$c2003.
=263  \\$a0309
=300  \\$apages ;$ccm.
=336  \\$atext$btxt$2rdacontent
=337  \\$aunmediated$bn$2rdamedia
=338  \\$avolume$bnc$2rdacarrier
=500  \\$a"A Tom Doherty Associates book.
=500  \\$aBased on the Dune universe created by Frank Herbert.
=521  8\$a800L$bLexile
=526  \\$aAccelerated Reader$bUG$c8.2$d43$e43$z84646
=650  \0$aDune (Imaginary place)$vFiction.
=650  \0$aLife on other planets$vFiction.
=650  \0$aRobots$vFiction.
=655  \7$aScience fiction.$2gsafd
=700  1\$aAnderson, Kevin J.,$d1962- .
=700  1\$aHerbert, Frank.
=800  1\$aHerbert, Brian.$tLegends of Dune ;$v2.
=856  42$3Publisher description$uhttp://www.loc.gov/catdir/description/hol032/2003055954.html
=914  \\$a802800

