=LDR  00786cam  2200289Ka 4500
=001  214484
=005  20160611201652.0
=008  031223r20032002nyu\\\\\\\\\\\000\f\eng\d
=020  \\$a0553582453
=035  \\$a(OCoLC)ocm53949484
=040  \\$aURA$cURA$dUtOrBLW
=049  \\$aOEKA
=100  1\$aHobb, Robin.
=245  14$aThe golden fool /$cRobin Hobb.
=260  \\$aNew York :$bBantam,$c2003.
=300  \\$a709 pages ;$c18 cm.
=336  \\$atext$btxt$2rdacontent
=337  \\$aunmediated$bn$2rdamedia
=338  \\$avolume$bnc$2rdacarrier
=490  1\$aThe tawny man ;$v2
=500  \\$aOriginally published: 2002.
=650  \0$aFantasy fiction.
=650  \0$aPrinces$vFiction.
=650  \0$aMagic$vFiction.
=800  1\$aHobb, Robin.$tTawny man;$v2.
=914  \\$a809939
=994  \\$aX0$bOEK

