=LDR  01054cam  2200337Ia 4500
=001  214497
=005  20160611201653.0
=008  031020t20032003wau\\\\e\\\\\\000\1\eng\d
=020  \\$a0786930128 :$c{dollar}25.95
=035  \\$a(OCoLC)ocm53236374
=040  \\$aDMM$cDMM$dUtOrBLW
=049  \\$aZPPA
=092  \\$a813.54
=100  1\$aSalvatore, R. A.,$d1959-
=245  14$aThe lone drow /$cR.A. Salvatore.
=260  \\$aRenton, WA :$bWizards of the Coast,$c[2003], {copy}2003.
=300  \\$a346 pages ;$c24 cm.
=336  \\$atext$btxt$2rdacontent
=337  \\$aunmediated$bn$2rdamedia
=338  \\$avolume$bnc$2rdacarrier
=490  1\$aThe Hunter's Blades trilogy ;$vbk. II
=500  \\$a"Forgotten realms."
=650  \0$aFantasy fiction, American.
=650  \0$aDrizzt Do'Urden (Fictitious character)$vFiction.
=650  \0$aImaginary wars and battles$vFiction.
=650  \0$aWar stories.
=650  \0$aElves$vFiction.
=650  \0$aMagic$vFiction.
=800  1\$aSalvatore, R. A.,$d1959-$tHunter's blades trilogy;$vbk. 2.
=914  \\$a810010
=994  \\$aX0$bZPP

