=LDR  00912cam  2200301Ia 4500
=001  216295
=005  20160612042046.0
=008  031117t20032003nyu\\\\\\\\\\\000\0\eng\d
=020  \\$a0345461983
=035  \\$a(OCoLC)ocm53447747
=040  \\$aGEC$cGEC$dUtOrBLW
=049  \\$aOEKA
=092  \\$aFIC
=100  1\$aMcCaffrey, Anne.
=245  10$aDragon's kin /$cAnne McCaffrey, Todd McCaffrey.
=260  \\$aNew York :$bDel Rey,$c[2003], {copy}2003.
=300  \\$a292 pages ;$c24 cm
=336  \\$atext$btxt$2rdacontent
=337  \\$aunmediated$bn$2rdamedia
=338  \\$avolume$bnc$2rdacarrier
=526  \\$aAccelerated Reader$bUG$c5.4$d12$e12$z78996
=650  \0$aDragons$vFiction.
=650  \0$aPern (Imaginary place)$vFiction.
=655  \7$aFantasy fiction.$2gsafd
=655  \7$aScience fiction.$2gsafd
=700  1\$aMcCaffrey, Todd,$d1956-
=800  1\$aMcCaffrey, Anne.$tDragonriders of Pern;$v22.
=914  \\$a814949

