=LDR  01062cam  22003618a 4500
=001  216893
=005  20160612042107.0
=008  030811s2004\\\\nyu\\\\\\\\\\\000\1\eng\\
=020  \\$a0765309890
=035  \\$a(OCoLC)ocm52943139
=040  \\$aDLC$cDLC$dUtOrBLW
=049  \\$aZPJA
=050  00$aPS3573.O52$bK58 2003
=082  00$a813/.54$222
=100  1\$aWolfe, Gene.
=245  14$aThe knight :$bbook one of the Wizard Knight /$cGene Wolfe.
=250  \\$a1st ed.
=260  \\$aNew York :$bTor,$c2004.
=263  \\$a0401
=300  \\$a430 pages ;$c25 cm.
=336  \\$atext$btxt$2rdacontent
=337  \\$aunmediated$bn$2rdamedia
=338  \\$avolume$bnc$2rdacarrier
=490  1\$aThe wizard knight ;$vbk. 1
=526  \\$aAccelerated Reader$bUG$c4.4$d23$e23$z100056
=650  \0$aKnights and knighthood$vFiction.
=650  \0$aTeenage boys$vFiction.
=650  \0$aWizards$vFiction.
=650  \0$aTime travel$vFiction.
=650  \0$aMagic$vFiction.
=655  \7$aFantasy fiction.$2gsafd
=800  1\$aWolfe, Gene.$tWizard knight;$vbk. 1.
=914  \\$a816538

