=LDR  00885cam  2200301Ia 4500
=001  217563
=005  20160611201950.0
=008  031201s2003\\\\nyu\\\\\\\\\\\000\1\eng\d
=010  \\$a  2004719694
=020  \\$a0451459520 (pbk.) :$c{dollar}6.99
=035  \\$a(OCoLC)ocm53807325
=040  \\$aOCO$cOCO$dOCLCQ$dDLC$dBAKER$dY#4$dUtOrBLW
=049  \\$aY#4A
=099  \\$aPB CAINE
=100  1\$aCaine, Rachel.
=245  10$aIll wind /$cRachel Caine.
=260  \\$aNew York :$bROC,$c2003.
=300  \\$a337 pages ;$c18 cm.
=336  \\$atext$btxt$2rdacontent
=337  \\$aunmediated$bn$2rdamedia
=338  \\$avolume$bnc$2rdacarrier
=490  1\$aWeather warden ;$vbk. 01
=500  \\$a"ROC fantasy."
=655  \7$aFantasy fiction.$2gsafd
=830  \0$aWeather warden ;$vbk. 01.
=914  \\$a818336
=938  \\$aBaker & Taylor$bBKTY$c6.99$d.00$i0451459520$n0004293793$sactive
=994  \\$a02$bY#4

