=LDR  01159cam  22003738a 4500
=001  218538
=005  20160611202047.0
=008  031120s2004\\\\nyu\\\\\\\\\\\000\1\eng\\
=010  \\$a  2003069061
=020  \\$a0345452488
=035  \\$a(OCoLC)ocm53887548
=040  \\$aDLC$cDLC$dZPP$dUtOrBLW
=049  \\$aZPPA
=050  00$aPR6005.L36$bT56 2004
=082  00$a823/.914$222
=100  1\$aClarke, Arthur C.$q(Arthur Charles),$d1917-2008.
=245  10$aTime's eye /$cArthur C. Clarke and Stephen Baxter.
=250  \\$a1st ed.
=260  \\$aNew York :$bBallantine,$c2004.
=263  \\$a0401
=300  \\$a337 pages ;$c25 cm +$e1 CD-Rom (4 3/4 in.)
=336  \\$atext$btxt$2rdacontent
=337  \\$aunmediated$bn$2rdamedia
=338  \\$avolume$bnc$2rdacarrier
=490  1\$aA time odyssey ;$v1
=500  \\$a"A Del Rey book"--T.p. verso.
=650  \0$aTime travel$vFiction.
=650  \0$aExtraterrestrial beings$vFiction.
=651  \0$aEarth (Planet)$vFiction.
=655  \7$aScience fiction.$2gsafd
=700  1\$aBaxter, Stephen.
=800  1\$aClarke, Arthur C.$q(Arthur Charles),$d1917-2008.$tTime odyssey;$v1.
=914  \\$a820917
=994  \\$aX0$bZPP

