=LDR  00975cam  2200337 a 4500
=001  218681
=005  20160611202055.0
=008  030909t20042004nyua\\\\\\\\\\000\1\eng\\
=010  \\$a  2003049512
=020  \\$a0380979039 (HC)
=035  \\$a(OCoLC)ocm53064799
=040  \\$aDLC$cDLC$dYDX$dUtOrBLW
=049  \\$aZPJA
=050  00$aPS3553.H358$bF675 2004
=082  00$a813/.54$222
=100  1\$aCherryh, C. J.
=245  10$aForge of heaven /$cC.J. Cherryh.
=250  \\$a1st ed.
=260  \\$aNew York :$bEOS,$c[2004], {copy}2004.
=300  \\$a405 pages :$billustrations ;$c24 cm
=336  \\$atext$btxt$2rdacontent
=337  \\$aunmediated$bn$2rdamedia
=338  \\$avolume$bnc$2rdacarrier
=650  \0$aHuman-alien encounters$vFiction.
=650  \0$aLife on other planets$vFiction.
=650  \0$aNanotechnology$vFiction.
=650  \0$aSpace warfare$vFiction.
=650  \0$aSpace ships$vFiction.
=655  \7$aScience fiction.$2gsafd
=914  \\$a821407
=994  \\$aX0$bZPJ

