=LDR  01130cam  2200373Ka 4500
=001  218701
=005  20160611202056.0
=008  040223t20042004nyub\\\\\\\\\\000\1\eng\d
=020  \\$a1593150164
=035  \\$a(OCoLC)ocm54466119
=040  \\$aHHO$cHHO$dOOP$dUtOrBLW
=049  \\$aZPJA
=092  0\$a813.54$222
=100  1\$aSalvatore, R. A.,$d1959-
=245  14$aThe highwayman :$ba novel of Corona /$cR.A. Salvatore.
=260  \\$aNew York :$bCDS Books,$c[2004], {copy}2004.
=300  \\$avi, 372 pages :$bmap ;$c25 cm
=336  \\$atext$btxt$2rdacontent
=337  \\$aunmediated$bn$2rdamedia
=338  \\$avolume$bnc$2rdacarrier
=500  \\$a"Includes an all-new Drizzt short story"--jacket.
=500  \\$aMap on endpapers.
=650  \0$aGood and evil$vFiction.
=650  \0$aMagic$vFiction.
=650  \0$aImaginary places.
=650  \0$aDrizzt Do'Urden (Fictitious character)$vFiction.
=650  \0$aGoblins$vFiction.
=650  \0$aReligions$vFiction.
=650  \0$aWealth$vFiction.
=650  \0$aPoor$vFiction.
=650  \0$aMonks$vFiction.
=655  \7$aFantasy fiction.$2gsafd
=914  \\$a821433
=994  \\$aX0$bZPJ

