=LDR  01216cam  2200373Ia 4500
=001  219287
=005  20160612042237.0
=008  010910t20012000nyub\\\\\\\\\\000\1\eng\d
=020  \\$a0345396553
=035  \\$a(OCoLC)ocm47933977
=040  \\$aURA$cURA$dLEO$dWRJ$dZPP$dUtOrBLW
=049  \\$aZPPA
=100  1\$aBrooks, Terry.
=245  10$aIlse witch /$cTerry Brooks.
=246  30$aVoyage of the Jerle Shannara, vol. 1, Ilse witch.
=250  \\$a1st mass market ed.
=260  \\$aNew York :$bBallantine Pub. Group,$c[2001], {copy}2000.
=300  \\$a456 pages :$bmap ;$c18 cm.
=336  \\$atext$btxt$2rdacontent
=337  \\$aunmediated$bn$2rdamedia
=338  \\$avolume$bnc$2rdacarrier
=490  1\$aThe voyage of the Jerle Shannara ;$vbk. 1
=500  \\$aIncludes chapter from next book in series "Antrax."
=521  8\$a950L$bLexile
=526  \\$aAccelerated Reader$bUG$c7.1$d26$e26$z51793
=650  \0$aElves$vFiction.
=650  \0$aMagic$vFiction.
=650  \0$aMaps$vFiction.
=650  \0$aWitches$vFiction.
=650  \0$aShannara (Imaginary place)$vFiction.
=655  \7$aFantasy fiction.$2gsafd
=800  1\$aBrooks, Terry.$tVoyage of the Jerle Shannara;$vbk. 1.
=914  \\$a823096
=994  \\$aX0$bZPP

