=LDR  01295cam  2200373Ia 4500
=001  220696
=005  20161229112558.0
=008  850607t19831981nyu\\\\\\\\\\\000\1\eng\d
=020  \\$a042508003X
=020  \\$a0399125930
=020  \\$a0441294677 (paperback)
=020  \\$a9780441294671 (paperback)
=035  \\$a(OCoLC)ocm12127222
=035  \\$a43212
=040  \\$aNMN$cNMN$dOCLCQ$dUtOrBLW
=049  \\$aZPJA
=092  \\$aFic$bHER
=100  1\$aHerbert, Frank.
=245  10$aGod Emperor of Dune /$cFrank Herbert.
=250  \\$aBerkley ed.
=260  \\$aNew York :$bBerkley Books,$c1983, {copy}1981.
=300  \\$a423 pages ;$c18 cm.
=336  \\$atext$btxt$2rdacontent
=337  \\$aunmediated$bn$2rdamedia
=338  \\$avolume$bnc$2rdacarrier
=490  0\$aDune chronicles ;$vBook 4
=500  \\$aBerkley science fiction.
=520  \\$aCenturies have passed on Dune, and the planet is green with life. Leto, the son of Dune's savior, is still alive but far from human, and the fate of all humanity hangs on his awesome sacrifice... --Publisher
=521  8\$a780L$bLexile
=526  \\$aAccelerated Reader$bUG$c5.8$d22$e22$z82094
=650  \0$aDune (Imaginary place)$vFiction.
=655  \7$aScience fiction.$2gsafd
=800  1\$aHerbert, Frank.$tDune chronicles;$vbk. 4.
=914  \\$a827271

