=LDR  00898cam  2200301 a 4500
=001  225117
=005  20160611202708.0
=008  980429r19981976nyu\\\\\\\\\\\000\1\eng\\
=010  \\$a   98023120 
=020  \\$a0312866151
=035  \\$a(OCoLC)ocm39069473
=040  \\$aDLC$cDLC$dC#P$dH{dollar}Y$dUtOrBLW
=049  \\$aH{dollar}YA
=050  00$aPS3573.I434$bW48 1998
=082  00$a813/.54$221
=100  1\$aWilhelm, Kate.
=245  10$aWhere late the sweet birds sang /$cKate Wilhelm.
=250  \\$a1st Orb ed.
=260  \\$aNew York :$bOrb,$c1998.
=300  \\$a254 pages ;$c21 cm
=336  \\$atext$btxt$2rdacontent
=337  \\$aunmediated$bn$2rdamedia
=338  \\$avolume$bnc$2rdacarrier
=500  \\$a"A Tom Doherty Associates book."
=500  \\$a"Originally published by Harper and Row, Publishers, Inc., in 1976"--T.p. verso.
=655  \7$aScience fiction.$2gsafd
=914  \\$a839409
=994  \\$a02$bH{dollar}Y

