=LDR  01732cam  2200241Ia 4500
=001  226524
=005  20160611202828.0
=008  030613t19901990nyu\\\\\\\\\\\000\0\eng\d
=035  \\$a(OCoLC)ocm52425034
=040  \\$aNXW$cNXW$dOCLCQ$dH{dollar}Y$dUtOrBLW
=049  \\$aH{dollar}YA
=090  \\$aPS3551.S5$bA6 1990
=100  1\$aAsimov, Isaac,$d1920-1992.
=245  14$aThe complete stories.$nVol. 1 /$cIssac Asimov.
=260  \\$aNew York :$bDoubleday,$c[1990], {copy}1990.
=300  \\$aviii, 614 pages ;$c22 cm
=336  \\$atext$btxt$2rdacontent
=337  \\$aunmediated$bn$2rdamedia
=338  \\$avolume$bnc$2rdacarrier
=505  00$tThe dead past --$tThe foundation of S.F. Success --$tFranchise --$tGimmicks three --$tKid stuff --$tThe watery place --$tLiving space --$tThe message --$tSatisfaction guaranteed --$tHell-fire --$tThe last trump --$tThe fun they had --$tJokester --$tThe immortal bard --$tSomeday --$tThe author's ordeal --$tDreaming is a private thing --$tProfession --$tThe feeling of power --$tThe dying night --$gI'm in marspot without Hilda --$tThe gentle vultures --$tAll the troubles of the world --$tSpell my name with an S --$tThe last question --$tThe ugly little boy --$tNightfall --$tGreen patches --$tHostess --$t"Breeds there a man" --$tC-chute --$t"In a good cause" --$tWhat if --$tSally --$tFlies --$t"Nobody here but" --$tIt's such a beautiful day --$tStrikebreaker --$tInsert knob A in Hole B --$tThe up-to-date sorcerer --$tUnto the fourth generation --$tWhat is this thing called love? --$tThe machine that won the war --$tMy son, the physicist --$tEyes do more than see --$tSegregationist --$tI just make them up, see! --$tRejection slips.
=650  \0$aScience fiction, American.
=914  \\$a843037
=994  \\$a02$bH{dollar}Y

