=LDR  00999cam  2200337Ia 4500
=001  226547
=005  20160612042659.0
=008  040830s2004\\\\wau\\\\\\\\\\\000\1\eng\d
=010  \\$a  2004101416
=020  \\$a0786932570
=035  \\$a(OCoLC)ocm56391059
=040  \\$aJSY$cJSY$dSRB$dUtOrBLW
=049  \\$aOEKA
=090  \\$aPS3573.E3978$bA43 2004
=092  \\$aSF WEIS
=100  1\$aWeis, Margaret.
=245  10$aAmber and ashes /$cMargaret Weis.
=260  \\$aRenton, WA :$bWizards of the Coast,$c2004.
=300  \\$a336 pages ;$c24 cm.
=336  \\$atext$btxt$2rdacontent
=337  \\$aunmediated$bn$2rdamedia
=338  \\$avolume$bnc$2rdacarrier
=490  1\$aThe dark disciple;$vv. 1
=526  \\$aAccelerated Reader$bUG$c6.0$d17$e17$z106269
=650  \0$aKrynn (Imaginary place)$vFiction.
=650  \0$aGods$vFiction.
=650  \0$aGood and evil$vFiction.
=655  \7$aFantasy fiction.$2gsafd
=800  1\$aWeis, Margaret.$tDark disciple;$vv. 1.
=914  \\$a843114
=994  \\$aX0$bOEK

