=LDR  01060cam  2200373La 4500
=001  227150
=005  20160611202904.0
=008  040518s2004\\\\nyu\\\\\\\\\\\000\1\eng\d
=020  \\$a0345448375
=035  \\$a(OCoLC)ocm55227038
=040  \\$aIG#$cIG#$dZPP$dUtOrBLW
=043  \\$an-us-ca
=049  \\$aZPPA
=050  \4$aPS3552.E157$bD45 2004
=082  04$a813/.54$222
=100  1\$aBear, Greg,$d1951-
=245  10$aDead lines /$cGreg Bear.
=246  34$aDead lines : a novel of life after death
=250  \\$a1st ed.
=260  \\$aNew York :$bBallantine Books,$c2004.
=300  \\$a256 pages ;$c25 cm
=336  \\$atext$btxt$2rdacontent
=337  \\$aunmediated$bn$2rdamedia
=338  \\$avolume$bnc$2rdacarrier
=650  \0$aFuture life$vFiction.
=650  \0$aCell phones$vFiction.
=650  \0$aSocial control$vFiction.
=651  \0$aCalifornia$vFiction.
=655  \7$aGhost stories.$2gsafd
=655  \7$aScience fiction.$2gsafd
=655  \7$aHorror fiction.$2gsafd
=914  \\$a844566
=938  \\$aIngram$bINGR$n0345448375
=994  \\$aX0$bZPP

