=LDR  01116cam  22003858a 4500
=001  227158
=005  20160612042721.0
=008  031021s2004\\\\nyu\\\\\\\\\\\000\1\eng\\
=010  \\$a  2003063683
=020  \\$a0553803115
=020  \\$a0553585800 (pbk)
=035  \\$a(OCoLC)ocm53325030
=040  \\$aDLC$cDLC$dZPP$dUtOrBLW
=043  \\$an-us-dc
=049  \\$aZPPA
=050  00$aPS3568.O2893$bF67 2004
=100  1\$aRobinson, Kim Stanley.
=245  10$aForty signs of rain /$cKim Stanley Robinson.
=260  \\$aNew York :$bBantam Books,$c2004.
=263  \\$a0406
=300  \\$a358 pages ;$c25 cm
=336  \\$atext$btxt$2rdacontent
=337  \\$aunmediated$bn$2rdamedia
=338  \\$avolume$bnc$2rdacarrier
=521  8\$a970L$bLexile
=526  \\$aAccelerated Reader$bUG$c6.7$d17$e17$z86336
=650  \0$aScientists$vFiction.
=650  \0$aLegislators$vFiction.
=650  \0$aBusiness intelligence$vFiction.
=651  \0$aWashington (D.C.)$vFiction.
=655  \7$aPolitical fiction.$2lcgft
=655  \7$aScience fiction.$2gsafd
=655  \7$aSpy stories.$2gsafd
=914  \\$a844575
=994  \\$aX0$bZPP

