=LDR  01301cam  22004218a 4500
=001  228802
=005  20160612042820.0
=008  040206r20042000nyu\\\\\\\\\\\000\1\eng\\
=010  \\$a  2004044085
=020  \\$a0765303620
=035  \\$a(OCoLC)ocm54426347
=040  \\$aDLC$cDLC$dUtOrBLW
=049  \\$aZPJA
=082  00$a823/.914$222
=100  1\$aDouglass, Sara.
=245  14$aThe nameless day /$cSara Douglass.
=260  \\$aNew York :$bTor Books,$c2004.
=300  \\$a448 pages ;$c25 cm
=336  \\$atext$btxt$2rdacontent
=337  \\$aunmediated$bn$2rdamedia
=338  \\$avolume$bnc$2rdacarrier
=500  \\$a"Tom Doherty Associats book."
=500  \\$aOriginally published: Sydney, : Voyager, 2000. (The Crucible ; bk. 1).
=526  \\$aAccelerated Reader$bUG$c7.4$d29$e29$z88059
=600  \0$aMichael$c(Archangel)$vFiction.
=650  \0$aFourteenth century$vFiction.
=650  \0$aSpiritual warfare$vFiction.
=650  \0$aGood and evil$vFiction.
=650  \0$aDemonology$vFiction.
=650  \0$aAngels$vFiction.
=650  \0$aFriars$vFiction.
=650  \0$aPlague$vFiction.
=651  \0$aEurope$vFiction.
=655  \7$aFantasy fiction.$2gsafd
=655  \7$aHistorical fiction.$2gsafd
=800  1\$aDouglass, Sara.$tCrucible;$vbk. 1.
=914  \\$a849086
=994  \\$aX0$bZPJ

