=LDR  00723cam  2200253Ka 4500
=001  231808
=005  20160611203329.0
=008  041020t20042004nyum\\\e\\\\\\000\1\eng\\
=020  \\$a0756402190
=035  \\$a(OCoLC)ocm56781061
=040  \\$aLPU$cLPU$dUtOrBLW
=049  \\$aOEKA
=100  1\$aWilliams, Tad.
=245  10$aShadowmarch.$pVolume one /$cTad Williams.
=260  \\$aNew York :$bDaw Books,$c[2004], {copy}2004.
=300  \\$a656 pages :$bmaps ;$c24 cm
=336  \\$atext$btxt$2rdacontent
=337  \\$aunmediated$bn$2rdamedia
=338  \\$avolume$bnc$2rdacarrier
=650  \0$aKings and rulers$vFiction.
=650  \0$aTwins$vFiction.
=650  \0$aKidnapping$vFiction.
=655  \7$aFantasy fiction.$2gsafd
=914  \\$a857285

