=LDR  01379cam  2200397 a 4500
=001  232019
=005  20160612043015.0
=008  031114s2004\\\\nyu\\\\c\\\\\\000\1\eng\\
=010  \\$a  2003025132
=020  \\$a0060540117
=020  \\$a0060540125 (lib. bdg.)
=035  \\$a(OCoLC)ocm54392045
=040  \\$aDLC$cDLC$dIG#$dUtOrBLW
=049  \\$aZPJA
=050  00$aPZ7.H543995$bSai 2004
=082  00$a[Fic]$222
=100  1\$aHightman, Jason.
=245  14$aThe Saint of Dragons /$cJason Hightman.
=250  \\$a1st ed.
=260  \\$aNew York :$bEos,$c2004.
=300  \\$axii, 291 pages ;$c24 cm
=336  \\$atext$btxt$2rdacontent
=337  \\$aunmediated$bn$2rdamedia
=338  \\$avolume$bnc$2rdacarrier
=520  \\$aAfter a lonely childhood at the Lighthouse School for Boys, thirteen-year-old Simon learns that he is descended from a medieval dragonslayer, and that his father needs his help to face the last of these evil monsters.
=521  8\$a730L$bLexile
=526  \\$aAccelerated Reader$bMG$c5.2$d11$e11$z80743
=600  00$aGeorge,$cSaint,$d-303$vFiction.
=650  \0$aDragons$vFiction.
=650  \0$aFathers and sons$vFiction.
=650  \0$aKnights and knighthood$vJuvenile fiction.
=650  \0$aDragons$vJuvenile fiction.
=650  \0$aFathers and sons$vJuvenile fiction.
=914  \\$a857761
=938  \\$aIngram$bINGR$n0060540117
=994  \\$aX0$bZPJ

