=LDR  01298cam  2200409 a 4500
=001  232282
=005  20160612043025.0
=008  040315s2004\\\\nyu\\\\\\\\\\\000\1\eng\\
=010  \\$a  2004047875
=020  \\$a0765301598
=020  \\$a0765305879 (limited ed.)
=035  \\$a(OCoLC)ocm54822702
=040  \\$aDLC$cDLC$dYDX$dZPP$dUtOrBLW
=049  \\$aZPPA
=050  00$aPS3558.E617$bD88 2004
=082  00$a813/.54$222
=100  1\$aHerbert, Brian.
=245  10$aDune.$pThe Battle of Corrin /$cBrian Herbert and Kevin J. Anderson.
=246  30$aBattle of Corrin
=250  \\$a1st ed.
=260  \\$aNew York :$bTor Books,$c2004.
=300  \\$a620 pages ;$c24 cm
=336  \\$atext$btxt$2rdacontent
=337  \\$aunmediated$bn$2rdamedia
=338  \\$avolume$bnc$2rdacarrier
=500  \\$aSequel to: Dune. The machine crusade.
=500  \\$a"A Tom Doherty Associates book."
=521  8\$a800L$bLexile
=526  \\$aAccelerated Reader$bUG$c8.3$d37$e37$z84644
=650  \0$aDune (Imaginary place)$vFiction.
=650  \0$aLife on other planets$vFiction.
=650  \0$aRobots$vFiction.
=650  \0$aImaginary wars and battles$vFiction.
=655  \7$aScience fiction.$2gsafd
=700  1\$aAnderson, Kevin J.,$d1962- .
=800  1\$aHerbert, Brian.$tLegends of Dune ;$v3.
=914  \\$a858389

