=LDR  01103cam  22003738a 4500
=001  232577
=005  20160612043035.0
=008  040218s2004\\\\nyu\\\\\\\\\\\000\1\eng\\
=010  \\$a  2004043920
=020  \\$a0345435745
=020  \\$a9780345499110 (pbk)
=035  \\$a(OCoLC)ocm54487473
=040  \\$aDLC$cDLC$dZPP$dUtOrBLW
=049  \\$aZPPA
=050  00$aPS3552.R6596$bT32 2004
=082  00$a813/.54$222
=100  1\$aBrooks, Terry.
=245  10$aTanequil /$cTerry Brooks.
=250  \\$a1st ed.
=260  \\$aNew York :$bDel Rey/Ballantine Books,$c2004.
=263  \\$a0409
=300  \\$a354 pages ;$c25 cm.
=336  \\$atext$btxt$2rdacontent
=337  \\$aunmediated$bn$2rdamedia
=338  \\$avolume$bnc$2rdacarrier
=490  1\$aHigh Druid of Shannara ;$vbk. 2
=526  \\$aAccelerated Reader$bUG$c6.7$d21$e21$z86375
=650  \0$aShannara (Imaginary place)$vFiction.
=650  \0$aQuests (Expeditions)$vFiction.
=650  \0$aMagic$vFiction.
=655  \7$aFantasy fiction.$2gsafd
=800  1\$aBrooks, Terry.$tHigh Druid of Shannara;$vbk. 2.
=914  \\$a859164
=994  \\$aX0$bZPP

