=LDR  01820cam  2200517Ia 4500
=001  233289
=005  20170303133152.0
=008  910301t19941986nyu\\\\\\\\\\\000\1\eng\d
=010  \\$a   91012324 
=020  \\$a0812550757 (mass market pbk)
=020  \\$a9780812550757 (mass market pbk)
=020  \\$a0312937385
=020  \\$a9780312937386
=035  \\$a(OCoLC)ocm63160048 
=035  \\$a(OCoLC)63160048
=035  \\$a699522
=035  \\$a689006
=040  \\$aJTA$cJTA$dIXA$dBAKER$dYDXCP$dCDX$dCNUXB$dZPP$dUtOrBLW
=049  \\$aZPPA
=050  \4$aPS3553.A655$bS67 1994
=082  04$a[Fic]
=100  1\$aCard, Orson Scott.
=245  10$aSpeaker for the dead /$cOrson Scott Card.
=250  \\$aRev. mass market ed.
=260  \\$aNew York :$bT. Doherty Associates,$c1994, {copy}1986.
=300  \\$a382 pages ;$c18 cm
=336  \\$atext$btxt$2rdacontent
=337  \\$aunmediated$bn$2rdamedia
=338  \\$avolume$bnc$2rdacarrier
=500  \\$a"Author's definitive edition"--Cover.
=500  \\$aAt head of title: Author's preferred edition.
=500  \\$a"A Tor book"--T.p. verso.
=500  \\$aOriginally published in 1986.
=520  \\$aEnder Wiggin, the young military genius, discovers that a second alien war is inevitable and he must dismiss his fears to make peace with humanity's strange new brothers
=521  8\$a850L$bLexile
=526  \\$aAccelerated Reader$bUG$c6.1$d21$e21$z28448
=600  10$aWiggin, Ender$c(Fictitious character)$vFiction.
=650  \0$aGenetic engineering$vFiction.
=650  \0$aWar games$vFiction.
=650  \0$aSpace warfare$vFiction.
=650  \0$aChild soldiers$vFiction.
=650  \0$aSpace ships$vFiction.
=650  \0$aSpace colonies$vFiction.
=655  \7$aScience fiction.$2gsafd
=800  1\$aCard, Orson Scott.$tEnder saga;$vv. 2.
=914  \\$a860995

