=LDR  01266cam  2200349 a 4500
=001  236007
=005  20160611203727.0
=008  040504t20042004wau\\\\\\\\\\\000\1\eng\\
=010  \\$a  2004106768
=019  \\$a56676289
=020  \\$a0786933607 (US)
=020  \\$a0786933615 (UK)
=035  \\$a(OCoLC)ocm56673023
=040  \\$aDLC$cDLC$dZRK$dUtOrBLW
=049  \\$aZRKA
=050  00$aPS3569.A462345$bT88 2004
=082  00$a813/.54$222
=100  1\$aSalvatore, R. A.,$d1959-
=245  14$aThe two swords /$cR.A. Salvatore.
=260  \\$aRenton, WA :$bWizards of the Coast ;$a[New York] :$bDistributed in the U.S. by Holtzbrinck Pub.,$c[2004], {copy}2004.
=300  \\$a339 pages ;$c24 cm.
=336  \\$atext$btxt$2rdacontent
=337  \\$aunmediated$bn$2rdamedia
=338  \\$avolume$bnc$2rdacarrier
=490  1\$aThe Hunter's Blades trilogy ;$vbk. 3
=650  \0$aForgotten realms (Imaginary place)$vFiction.
=655  \7$aFantasy fiction.$2gsafd
=800  1\$aSalvatore, R. A.,$d1959-$tHunter's blades trilogy;$vbk. 3.
=856  42$3Contributor biographical information$uhttp://www.loc.gov/catdir/bios/hol059/2004106768.html
=856  42$3Publisher description$uhttp://www.loc.gov/catdir/description/hol054/2004106768.html
=914  \\$a867619
=994  \\$a02$bZRK

