=LDR  01224cam  2200409 a 4500
=001  237320
=005  20160611203840.0
=008  040416s2004\\\\nyu\\\\\\\\\\\000\1\eng\\
=010  \\$a  2004049574
=020  \\$a0765311321
=035  \\$a(OCoLC)ocm55036769
=040  \\$aDLC$cDLC$dYDX$dUtOrBLW
=049  \\$aZPJA
=050  00$aPS3552.A4313$bL54 2004
=082  00$a813/.54$222
=100  1\$aBaker, Kage.
=245  14$aThe life of the world to come /$cKage Baker.
=250  \\$a1st ed.
=260  \\$aNew York :$bTOR Books,$c2004.
=300  \\$a334 pages ;$c25 cm.
=336  \\$atext$btxt$2rdacontent
=337  \\$aunmediated$bn$2rdamedia
=338  \\$avolume$bnc$2rdacarrier
=490  1\$aThe Company
=500  \\$a"A Tom Doherty Associates book."
=650  \0$aDr. Zeus Incorporated (Imaginary organization)$vFiction.
=650  \0$aWomen botanists$vFiction.
=650  \0$aImmortalism$vFiction.
=650  \0$aTime travel$vFiction.
=650  \0$aCyborgs$vFiction.
=650  \0$aPirates$vFiction.
=650  \0$aMendoza (Fictitious character)$vFiction.
=655  \7$aScience fiction.$2gsafd
=655  \7$aLove stories.$2gsafd
=800  1\$aBaker, Kage.$tThe Company ;$v5.
=830  \0$aCompany.
=914  \\$a871076

