=LDR  01262cam  22003978a 4500
=001  237797
=005  20170108014531.0
=008  041227s2005\\\\nyu\\\\\\\\\\\000\1\eng\\
=010  \\$a  2004066083
=020  \\$a0312857586 (acid-free paper)
=020  \\$a0812571398 (pbk)
=035  \\$a(OCoLC)ocm57429685
=040  \\$aDLC$cDLC$dWIQ$dUtOrBLW
=049  \\$aZPJA
=050  00$aPS3553.A655$bS524 2005
=082  00$a813/.54$222
=100  1\$aCard, Orson Scott.
=245  10$aShadow of the giant /$cOrson Scott Card.
=260  \\$aNew York :$bTor,$c2005.
=263  \\$a0503
=300  \\$a367 pages ;$c25 cm
=336  \\$atext$btxt$2rdacontent
=337  \\$aunmediated$bn$2rdamedia
=338  \\$avolume$bnc$2rdacarrier
=500  \\$a"A Tom Doherty Associates book."
=521  8\$a830L$bLexile
=526  \\$aAccelerated Reader$bUG$c5.7$d17$e17$z86588
=600  \0$aWiggin, Ender$c(Fictitious character)$vFiction.
=600  \0$aBean$c(Fictitious character from Card)$vFiction.
=650  \0$aSpace warfare$vFiction.
=650  \0$aLife on other planets$vFiction.
=650  \0$aSpace colonies$vFiction.
=655  \7$aScience fiction, American.$2gsafd
=655  \7$aScience fiction.$2gsafd
=800  1\$aCard, Orson Scott.$tShadow saga;$v4.
=914  \\$a872285

