=LDR  01042cam  2200337 a 4500
=001  239683
=005  20160611204056.0
=008  020827t20022002nyu\\\\\\\\\\\000\1\eng\d
=020  \\$a0451458923 (pbk.)
=035  \\$a(OCoLC)ocm50488823
=035  \\$a(WaOLN)13304697
=035  \\$a(OCoLC)50488823
=040  \\$aOWL$cOWL$dDAY$dYEP$dUtOrBLW
=050  \4$aPS3552.U8242$bS95 2002
=082  04$aON ORDER
=090  \\$aPS3552.U8242$bS95 2002
=100  1\$aButcher, Jim,$d1971-
=245  10$aSummer knight /$cJim Butcher.
=260  \\$aNew York :$bRoc,$c[2002], {copy}2002.
=300  \\$a371 pages ;$c18 cm.
=336  \\$atext$btxt$2rdacontent
=337  \\$aunmediated$bn$2rdamedia
=338  \\$avolume$bnc$2rdacarrier
=490  1\$aDresden files ;$v4
=500  \\$a"Roc fantasy."
=650  \0$aDresden, Harry (Fictitious character)$vFiction.
=650  \0$aFantasy fiction, American.
=650  \0$aWizards$zIllinois$zChicago$vFiction.
=655  \7$aFantasy fiction.$2gsafd
=800  1\$aButcher, Jim,$d1971-$tDresden files;$vbk. 4.
=914  \\$a876953

