=LDR  01181cam  2200397Ia 4500
=001  239685
=005  20160612043451.0
=008  050103r20052000nyu\\\\\\\\\\\000\1\eng\d
=020  \\$a0765303639 :$c27.95
=035  \\$a(OCoLC)ocm57358140
=040  \\$aGKV$cGKV$dUtOrBLW
=049  \\$aZPJA
=100  1\$aDouglass, Sara.
=245  14$aThe wounded hawk /$cSara Douglass.
=250  \\$a1st U.S. ed.
=260  \\$aNew York :$bTor,$c2005.
=300  \\$a494 pages ;$c25 cm.
=336  \\$atext$btxt$2rdacontent
=337  \\$aunmediated$bn$2rdamedia
=338  \\$avolume$bnc$2rdacarrier
=490  1\$aThe crucible ;$vbk. 2
=500  \\$a"Tom Doherty Associates book."
=526  \\$aAccelerated Reader$bUG$c7.3$d28$e28$z88060
=650  \0$aFourteenth century$vFiction.
=650  \0$aSpiritual warfare$vFiction.
=650  \0$aGood and evil$vFiction.
=650  \0$aDemonology$vFiction.
=650  \0$aAngels$vFiction.
=650  \0$aFriars$vFiction.
=650  \0$aPlague$vFiction.
=651  \0$aEurope$vFiction.
=655  \7$aHistorical fiction.$2gsafd
=655  \7$aFantasy fiction.$2gsafd
=800  1\$aDouglass, Sara.$tCrucible;$vbk. 2.
=914  \\$a876971
=994  \\$aC0$bZPJ

