=LDR  00989cam  2200337 a 4500
=001  240025
=005  20160612043504.0
=008  040707s2005\\\\nyu\\\\\\\\\\\000\1\eng\\
=010  \\$a  2004055253
=020  \\$a0345475720 (alk. paper)
=035  \\$a(OCoLC)ocm55960939
=040  \\$aDLC$cDLC$dILC$dC#P$dUtOrBLW
=049  \\$aOEKA
=050  00$aPS3562.U25417$bS75 2005
=082  00$a813/.54$222
=100  1\$aLuceno, James.
=245  10$aStar wars :$blabyrinth of evil /$cJames Luceno.
=246  3\$aLabyrinth of evil
=250  \\$a1st ed.
=260  \\$aNew York :$bDel Rey,$c2005.
=300  \\$a339 pages ;$c24 cm
=336  \\$atext$btxt$2rdacontent
=337  \\$aunmediated$bn$2rdamedia
=338  \\$avolume$bnc$2rdacarrier
=500  \\$a"Lucas books."
=526  \\$aAccelerated Reader$bUG$c7.6$d15$e15$z86939
=650  \0$aStar Wars fiction.
=650  \0$aLife on other planets$vFiction.
=650  \0$aSpace warfare$vFiction.
=655  \7$aScience fiction.$2gsafd
=914  \\$a877694

