=LDR  01080cam  2200325Ia 4500
=001  241525
=005  20160612043554.0
=008  041216t20042004wau\\\\\\\\\\\000\1\eng\d
=010  \\$a  2004106795
=020  \\$a0786930810
=020  \\$a9780786940073 (pbk)
=035  \\$a(OCoLC)ocm57243075
=040  \\$aGCV$cGCV$dH{dollar}Y$dUtOrBLW
=049  \\$aH{dollar}YA
=082  04$a813/.54$222
=100  1\$aSalvatore, R. A.,$d1959-
=245  10$aSojourn /$cR.A. Salvatore.
=260  \\$aRenton, WA :$bWizards of the Coast ;$a[New York] :$bDistributed in the U.S. by Holtzbrinck Pub.,$c[2004], {copy}2004.
=300  \\$a335 pages ;$c24 cm.
=336  \\$atext$btxt$2rdacontent
=337  \\$aunmediated$bn$2rdamedia
=338  \\$avolume$bnc$2rdacarrier
=490  1\$aThe legend of Drizzt ;$vbook III
=500  \\$a"Forgotten realms."
=521  8\$a1080L$bLexile
=650  \0$aDrizzt Do'Urden (Fictitious character)$vFiction.
=650  \0$aForgotten realms (Imaginary place)$vFiction.
=655  \7$aFantasy fiction.$2gsafd
=800  1\$aSalvatore, R. A.,$d1959-$tLegend of Drizzt;$vbk. 3.
=914  \\$a881763

