=LDR  01178cam  2200373 a 4500
=001  242101
=005  20160612043614.0
=008  041118t20052005nyu\\\\\\\\\\\000\1\eng\\
=010  \\$a  2004063496
=020  \\$a0345428838 (alk. paper)
=035  \\$a(OCoLC)ocm57186397
=040  \\$aDLC$cDLC$dYDX$dY#4$dUtOrBLW
=049  \\$aY#4A
=050  00$aPS3569.T6743$bS725 2005
=082  00$a813/.54$222
=099  \\$aSF STOVER
=100  1\$aStover, Matthew Woodring.
=245  10$aStar wars, episode III.$pRevenge of the Sith /$cMatthew Stover.
=246  3\$aStar wars, episode 3
=246  30$aRevenge of the Sith
=250  \\$a1st ed.
=260  \\$aNew York :$bLucas Books/Del Rey,$c[2005], {copy}2005.
=300  \\$a418 pages ;$c25 cm
=336  \\$atext$btxt$2rdacontent
=337  \\$aunmediated$bn$2rdamedia
=338  \\$avolume$bnc$2rdacarrier
=500  \\$a"Based on the story and screenplay by George Lucas."
=526  \\$aAccelerated Reader$bUG$c6.4$d19$e19$z87182
=650  \0$aStar Wars fiction.
=650  \0$aLife on other planets$vFiction.
=650  \0$aSpace warfare$vFiction.
=655  \7$aScience fiction.$2gsafd
=700  1\$aLucas, George,$d1944-
=914  \\$a883222

