=LDR  00915cam  2200289Ia 4500
=001  244753
=005  20160611204542.0
=008  050418t20052005wau\\\\\\\\\\\000\1\eng\d
=020  \\$a0786936401 :$c{dollar}24.95
=035  \\$a(OCoLC)ocm59102471
=040  \\$aOCO$cOCO$dWIQ$dUtOrBLW
=049  \\$aZPJA
=100  1\$aKemp, Paul S.$q(Paul Stuart)
=245  10$aResurrection /$cPaul S. Kemp.
=260  \\$aRenton, WA :$bWizards of the Coast,$c[2005], {copy}2005.
=300  \\$a343 pages ;$c24 cm.
=336  \\$atext$btxt$2rdacontent
=337  \\$aunmediated$bn$2rdamedia
=338  \\$avolume$bnc$2rdacarrier
=490  1\$aWar of the Spider Queen ;$vbk. 06
=500  \\$a"Forgotten realms."
=650  \0$aFantasy fiction, American.
=650  \0$aForgotten realms (Imaginary place)$vFiction.
=655  \7$aFantasy fiction.$2gsafd
=830  \0$aR.A. Salvatore's War of the Spider Queen ;$vbk. 6.
=914  \\$a889467
=994  \\$aC0$bZPJ

