=LDR  00787cam  22002658a 4500
=001  246229
=005  20160611204705.0
=008  030317r20041962nyu\\\\\\\\\\\000\f\eng\\
=015  \\$aGBA3-W9410
=020  \\$a0743474678
=035  \\$a(OCoLC)ocm52358348
=040  \\$aUKM$cUKM$dH{dollar}Y$dUtOrBLW
=049  \\$aH{dollar}YA
=082  04$a813.54$221
=100  1\$aVance, Jack,$d1916-2013.
=245  14$aThe dragon masters /$cJack Vance.
=260  \\$aNew York :$bIbooks ;$aLondon :$bSimon & Schuster,$c2004.
=300  \\$a336 pages ;$c18 cm
=336  \\$atext$btxt$2rdacontent
=337  \\$aunmediated$bn$2rdamedia
=338  \\$avolume$bnc$2rdacarrier
=500  \\$aOriginally published: New York: Ace, 1962; London: Dobson, 1965.
=655  \7$aScience fiction.$2gsafd
=914  \\$a892988
=994  \\$a02$bH{dollar}Y

