=LDR  00891cam  2200301Ia 4500
=001  246230
=005  20160611204705.0
=008  980220s1998\\\\nyu\\\\\\\\\\\000\1\eng\d
=020  \\$a0312864728 (pbk. : alk. paper)
=035  \\$a(OCoLC)ocm38483681
=040  \\$aBRL$cBRL$dOCL$dH{dollar}Y$dUtOrBLW
=049  \\$aH{dollar}YA
=090  \\$aPS3572.A424$bN54 1998x
=100  1\$aVance, Jack,$d1916-2013.
=245  10$aNight lamp /$cJack Vance.
=250  \\$a1st Tor trade pbk. ed.
=260  \\$aNew York :$bTOR,$c1998.
=300  \\$a380 pages ;$c21 cm
=336  \\$atext$btxt$2rdacontent
=337  \\$aunmediated$bn$2rdamedia
=338  \\$avolume$bnc$2rdacarrier
=500  \\$a"A Tom Doherty Associates book."
=650  \0$aBirthparents$vIdentification$vFiction.
=650  \0$aOrphans$vFiction.
=655  \7$aScience fiction.$2gsafd
=655  \7$aBildungsromans.$2gsafd
=914  \\$a892989
=994  \\$a02$bH{dollar}Y

