=LDR  00989cam  22003498a 4500
=001  247275
=005  20160612043921.0
=008  041207s2006\\\\nyu\\\\\\\\\\\000\1\eng\\
=010  \\$a  2004065524
=020  \\$a0345416899
=035  \\$a(OCoLC)ocm57352830
=040  \\$aDLC$cDLC$dZPP$dUtOrBLW
=049  \\$aZPPA
=050  00$aPS3553.A655$bM35 2005
=082  00$a813/.54$222
=100  1\$aCard, Orson Scott.
=245  10$aMagic street /$cOrson Scott Card.
=250  \\$a1st ed.
=260  \\$aNew York :$bDel Rey/Ballantine Books,$c2005.
=300  \\$a397 pages ;$c25 cm
=336  \\$atext$btxt$2rdacontent
=337  \\$aunmediated$bn$2rdamedia
=338  \\$avolume$bnc$2rdacarrier
=521  8\$a800L$bLexile
=526  \\$aAccelerated Reader$bUG$c4.9$d18$e18$z100422
=650  \0$aMagic$vFiction.
=650  \0$aBildungsromans.
=650  \0$aYoung men$vFiction.
=651  \0$aLos Angeles (Calif.)$vFiction.
=655  \7$aFantasy fiction.$2gsafd
=914  \\$a895184
=994  \\$aC0$bZPP

