=LDR  01392cam  2200397 a 4500
=001  248791
=005  20170317143847.0
=008  041028t20052005nyu\\\\\\\\\\\000\1\eng\\
=010  \\$a  2004061871
=020  \\$a0345451120 (alk. paper)
=035  \\$a(OCoLC)ocm57008256
=035  \\$a599928
=035  \\$a359103
=040  \\$aDLC$cDLC$dYDX$dBAKER$dILC$dVP@$dUtOrBLW
=049  \\$aZPJA
=050  00$aPS3552.R6596$bS77 2005
=082  00$a813/.54$222
=100  1\$aBrooks, Terry.
=245  10$aStraken /$cTerry Brooks.
=246  3\$aHigh Druid of Shannara. Straken
=250  \\$a1st ed.
=260  \\$aNew York :$bDel Rey,$c[2005], {copy}2005.
=300  \\$a368 pages ;$c25 cm.
=336  \\$atext$btxt$2rdacontent
=337  \\$aunmediated$bn$2rdamedia
=338  \\$avolume$bnc$2rdacarrier
=490  1\$aHigh Druid of Shannara
=520  0\$aA young boy embarks on a perilous mission that could cost him everything, while the tattered remnants of the army confront an invincible death machine, and the entire world must deal with the coming of a demonic entity.
=521  8\$a920L$bLexile
=526  \\$aAccelerated Reader$bUG$c6.4$d22$e22$z76820
=650  \0$aShannara (Imaginary place)$vFiction.
=650  \0$aDruids and druidism$vFiction.
=650  \0$aElves$vFiction.
=655  \7$aFantasy fiction.$2gsafd
=800  1\$aBrooks, Terry.$tHigh Druid of Shannara;$vbk. 3.
=914  \\$a899085

