=LDR  01353cam  2200385 a 4500
=001  251628
=005  20160612044159.0
=008  050208r20051960nyu\\\\\\\\\\\000\1\eng\\
=010  \\$a  2005003693
=020  \\$a1590171586 (alk. paper)
=035  \\$a(OCoLC)ocm57669557
=040  \\$aDLC$cDLC$dYDX$dOCLCQ$dH{dollar}Y$dUtOrBLW
=043  \\$azma----
=049  \\$aH{dollar}YA
=050  00$aPR5774$b.W3 2005b
=082  00$a823/.912$222
=100  1\$aWells, H. G.$q(Herbert George),$d1866-1946.
=245  14$aThe war of the worlds /$cH.G. Wells ; illustrations by Edward Gorey.
=260  \\$aNew York :$bNew York Review Books :$bDistributed by Publishers Group West,$c[2005]
=300  \\$a251 pages ;$c19 cm.
=336  \\$atext$btxt$2rdacontent
=337  \\$aunmediated$bn$2rdamedia
=338  \\$avolume$bnc$2rdacarrier
=490  1\$aNew York Review Books classics
=500  \\$aOriginally published: Epstein and Carroll Associates, c1960.
=521  8\$a1170L$bLexile
=650  \0$aSpace warfare$vFiction.
=650  \0$aImaginary wars and battles$vFiction.
=651  \0$aMars (Planet)$vFiction.
=655  \7$aScience fiction.$2gsafd
=655  \7$aWar stories.$2gsafd
=700  1\$aGorey, Edward,$d1925-2000.
=856  41$3Table of contents$uhttp://www.loc.gov/catdir/toc/ecip057/2005003693.html
=830  \0$aNew York Review Books classics.
=914  \\$a905537

