=LDR  01091cam  2200373 a 4500
=001  252492
=005  20160611205259.0
=008  050125t20052005nyub\\\\\\\\\\000\1\eng\\
=010  \\$a  2005040514
=020  \\$a0345458354 (alk. paper)
=035  \\$a(OCoLC)ocm57625877
=040  \\$aDLC$cDLC$dOCLCQ$dBAKER$dC#P$dUtOrBLW
=043  \\$aa-tu---
=049  \\$aZPPA
=050  00$aPR6057.E454$bL67 2005
=082  00$a823/.914$222
=100  1\$aGemmell, David.
=245  10$aLord of the silver bow /$cDavid Gemmell.
=250  \\$a1st ed.
=260  \\$aNew York :$bDel Rey Books,$c[2005], {copy}2005.
=300  \\$a476 pages :$bmap ;$c25 cm.
=336  \\$atext$btxt$2rdacontent
=337  \\$aunmediated$bn$2rdamedia
=338  \\$avolume$bnc$2rdacarrier
=490  1\$aTroy
=650  \0$aGreeks$zTurkey$vFiction.
=650  \0$aTrojan War$vFiction.
=651  \0$aTroy (Extinct city)$vFiction.
=651  \0$aTurkey$vFiction.
=655  \7$aHistorical fiction.$2gsafd
=655  \7$aFantasy fiction.$2gsafd
=655  \7$aWar stories.$2gsafd
=800  1\$aGemmell, David.$tTroy;$v1.
=914  \\$a907716

