=LDR  01007cam  2200337 a 4500
=001  252523
=005  20160612044230.0
=008  050518s2005\\\\nyu\\\\\\\\\\\000\1\eng\\
=010  \\$a  2005048074
=020  \\$a0553803123 (hardcover)
=020  \\$a9780553585810 (pbk)
=024  3\$a9780553803129
=035  \\$a(OCoLC)ocm60454714
=040  \\$aDLC$cDLC$dBAKER$dC#P$dVP@$dNPL$dY#4$dUtOrBLW
=043  \\$an-us-dc
=049  \\$aY#4A
=050  00$aPS3568.O2893$bF54 2005
=082  00$a813/.54$222
=099  \\$aSF ROBINSON
=100  1\$aRobinson, Kim Stanley.
=245  10$aFifty degrees below /$cKim Stanley Robinson.
=260  \\$aNew York :$bBantam Books,$c2005.
=300  \\$a405 pages ;$c25 cm
=336  \\$atext$btxt$2rdacontent
=337  \\$aunmediated$bn$2rdamedia
=338  \\$avolume$bnc$2rdacarrier
=526  \\$aAccelerated Reader$bUG$c6.2$d25$e25$z106271
=651  \0$aWashington (D.C.)$vFiction.
=655  \7$aPolitical fiction.$2lcgft
=655  \7$aScience fiction.$2gsafd
=914  \\$a907765

