=LDR  00992cam  2200337 a 4500
=001  257504
=005  20160611205742.0
=008  050317s2005\\\\nyu\\\\\\\\\\\000\1\eng\\
=010  \\$a  2005041199
=020  \\$a0441013228
=035  \\$a(OCoLC)ocm58843216
=040  \\$aDLC$cDLC$dBAKER$dC#P$dH{dollar}Y$dUtOrBLW
=049  \\$aH{dollar}YA
=050  00$aPS3602.E7586$bB43 2005
=082  00$a813/.6$222
=100  1\$aBerman, Judith,$d1958-
=245  10$aBear daughter /$cJudith Berman.
=250  \\$a1st ed.
=260  \\$aNew York :$bAce Books,$c2005.
=300  \\$a422 pages ;$c21 cm
=336  \\$atext$btxt$2rdacontent
=337  \\$aunmediated$bn$2rdamedia
=338  \\$avolume$bnc$2rdacarrier
=650  \0$aGirls$vFiction.
=650  \0$aBears$vFiction.
=650  \0$aMetamorphosis$vFiction.
=650  \0$aHuman-animal relationships$vFiction.
=655  \7$aFantasy fiction.$2gsafd
=914  \\$a920311
=938  \\$aBaker & Taylor$bBKTY$c16.00$d12.00$i0441013228$n0006420148$sactive
=994  \\$a02$bH{dollar}Y

