=LDR  01543cam  2200421Ia 4500
=001  258149
=005  20160611205819.0
=008  070604r20072006nyubf\\\\\\\\\000\f\eng\\
=020  \\$a9780765344328 (pbk.) :$c{dollar}7.99
=020  \\$a0765344327 (pbk.) :$c{dollar}7.99
=029  1\$aNZ1$b12549552
=035  \\$a(OCoLC)ocn137335417
=035  \\$a(OCoLC)137335417
=040  \\$aISO$cISO$dBTCTA$dBAKER$dTMI$dMNJ$dUtOrBLW
=049  \\$aZFRA
=050  \4$aPS3557.O5826$bP44 2007
=082  04$a813/.54$222
=100  1\$aGoodkind, Terry.
=245  10$aPhantom /$cTerry Goodkind.
=250  \\$a1st mass market ed.
=260  \\$aNew York :$bTor,$c2007.
=300  \\$a673 pages, 2 unnumbered pages of plates :$bmap ;$c18 cm.
=336  \\$atext$btxt$2rdacontent
=337  \\$aunmediated$bn$2rdamedia
=338  \\$avolume$bnc$2rdacarrier
=490  1\$a[The Sword of truth
=500  \\$aOriginally published in hardcover, 2006.
=500  \\$a"A Tom Doherty Associates book."
=520  \\$aRichard Rahl continues the search for his wife Kahlan Amnell after the Chainfire spell makes everyone else forget her. He becomes persuaded of the importance of fighting against the Imperial Order.
=650  \0$aAmnell, Kahlan (Fictitious character)$vFiction.
=650  \0$aMarried people$vFiction.
=650  \0$aMissing persons$vFiction.
=650  \0$aRahl, Richard (Fictitious character)$vFiction.
=650  \0$aMagic$vFiction.
=655  \7$aFantasy fiction.$2gsafd
=800  1\$aGoodkind, Terry.$tSword of truth;$v10.
=914  \\$a921782
=994  \\$aC0$bZFR

