=LDR  01412cam  2200457 a 4500
=001  258370
=005  20160612044602.0
=008  050906r20062002nyub\\\\\\\\\\000\1\eng\\
=010  \\$a  2005044638
=020  \\$a0765303647
=024  3\$a9780765303646
=035  \\$a(OCoLC)ocm61687884
=040  \\$aDLC$cDLC$dBAKER$dC#P$dE9G$dUtOrBLW
=043  \\$ae------
=049  \\$aE9GA
=050  00$aPR9619.3.D672$bC75 2006
=082  00$a813/.54$222
=100  1\$aDouglass, Sara.
=245  14$aThe crippled angel /$cSara Douglass.
=250  \\$a1st U.S. ed.
=260  \\$aNew York :$bTor,$c2006.
=300  \\$a365 pages :$bmaps ;$c25 cm.
=336  \\$atext$btxt$2rdacontent
=337  \\$aunmediated$bn$2rdamedia
=338  \\$avolume$bnc$2rdacarrier
=490  1\$aThe crucible ;$vbk. 3
=500  \\$a"A Tom Doherty Associates book."
=500  \\$a"Originally published in 2002 by Voyager"--T.p. verso.
=526  \\$aAccelerated Reader$bUG$c6.9$d21$e21$z107523
=600  \0$aMichael$c(Archangel)$vFiction.
=650  \0$aFourteenth century$vFiction.
=650  \0$aSpiritual warfare$vFiction.
=650  \0$aDemonology$vFiction.
=650  \0$aAngels$vFiction.
=650  \0$aFriars$vFiction.
=651  \0$aEurope$vFiction.
=655  \7$aHistorical fiction.$2gsafd
=655  \7$aFantasy fiction.$2gsafd
=800  1\$aDouglass, Sara.$tCrucible (Tor (Firm)) ;$vbk. 3.
=914  \\$a922192
=994  \\$aC0$bE9G

