=LDR  01061cam  2200349 a 4500
=001  260060
=005  20160612044659.0
=008  050322t20062006nyua\\\\\\\\\\000\1\eng\\
=010  \\$a  2005045434
=020  \\$a0345456831 (alk. paper)
=024  3\$a9780345456830
=035  \\$a(OCoLC)ocm58842943
=040  \\$aDLC$cDLC$dBAKER$dCD5$dC#P$dUtOrBLW
=049  \\$aOEKA
=050  00$aPS3576.A33$bO95 2006
=082  00$a813/.54$222
=100  1\$aZahn, Timothy.
=245  10$aStar Wars.$pOutbound flight /$cTimothy Zahn.
=246  30$aOutbound flight
=250  \\$a1st ed.
=260  \\$aNew York :$bDel Rey/Ballantine Books,$c[2006], {copy}2006.
=300  \\$a453 pages :$billustrations ;$c25 cm
=336  \\$atext$btxt$2rdacontent
=337  \\$aunmediated$bn$2rdamedia
=338  \\$avolume$bnc$2rdacarrier
=500  \\$a"Lucas books."
=526  \\$aAccelerated Reader$bUG$c6.2$d19$e19$z108725
=650  \0$aSpace flight$vFiction.
=650  \0$aLife on other planets$vFiction.
=655  \0$aStar wars fiction.
=655  \7$aScience fiction.$2gsafd
=914  \\$a925964

