=LDR  02137cam  2200325Ia 4500
=001  260475
=005  20160611210029.0
=008  020124r20021996nyua\\\\\\\\\\000\1\eng\d
=020  \\$a0380817705 (pbk.) :$c{dollar}7.50
=035  \\$a(OCoLC)ocm48853018
=040  \\$aBKL$cBKL$dNOR$dOCLCQ$dBAKER$dH{dollar}Y$dUtOrBLW
=049  \\$aH{dollar}YA
=082  04$a813
=090  \\$aPS648.F3$bS36 2002
=245  04$aThe Sandman book of dreams /$cedited by Neil Gaiman and Edward E. Kramer.
=260  \\$aNew York :$bHarperTorch,$c[2002]
=300  \\$a402 pages :$billustrations ;$c18 cm
=336  \\$atext$btxt$2rdacontent
=337  \\$aunmediated$bn$2rdamedia
=338  \\$avolume$bnc$2rdacarrier
=500  \\$aShort stories based on the comic book series The Sandman.
=505  00$tFrontispiece : death /$rClive Barker --$tPreface /$rFrank McConnell --$tMasquerade and high water /$rColin Greenland --$tChain home, low /$rJohn M. Ford --$tStronger than desire /$rLisa Goldstein --$tEach damp thing /$rBarbara Hambly --$tThe birth day /$rB.W. Clough --$tSplatter /$rWill Shetterly --$tSeven nights in Slumberland /$rGeorge Alec Effinger --$tEscape artist /$rCaitlin R. Kiernan --$tAn extra smidgen of eternity /$rRobert Rodi --$tThe writer's child /$rTad Williams --$tEndless sestina /$rLawrence Schimel --$tThe gate of gold /$rMark Kreighbaum --$tA bone dry place /$rKaren Haber --$tThe witch's heart /$rDelia Sherman --$tThe mender of broken dreams /$rNancy A. Collins --$tAin't you 'most done? /$rGene Wolfe --$tVolosag and Elet /$tSteven Brust --$tStopp't-clock yard /$tSusanna Clarke --$tAfterword : death /$rTori Amos --$tBiographical notes.
=520  \\$aFantasy stories. In Will Shetterly's Splatter, killers decide to show a novelist how it's really done, Karen Haber's A Bone Dry Place is set in a suicide-prevention clinic, and in John Ford's Chain Home, Low a sleeping virus strikes a group of wartime pilots.
=650  \0$aFantasy fiction, American.
=700  1\$aGaiman, Neil.
=700  1\$aKramer, Edward E.
=700  0\$aSandman.
=914  \\$a926936
=938  \\$aBaker & Taylor$bBKTY$c7.50$d.00$i0380817705$n0003796184$sactive
=994  \\$a02$bH{dollar}Y

