=LDR  00950cam  2200301Ia 4500
=001  260476
=005  20160926114504.0
=008  951012t19951995nyu\\\\\\\\\\\000\1\eng\d
=020  \\$a0061054895 (pbk.) :$c{dollar}6.00
=035  \\$a(OCoLC)ocm33290185
=035  \\$a661338
=040  \\$aJBU$cJBU$dDAY$dOCL$dOCLCQ$dBAKER$dH{dollar}Y$dUtOrBLW
=049  \\$aH{dollar}YA
=082  04$a823/.914$220
=100  1\$aPratchett, Terry.
=245  10$aSoul music :$ba novel of discworld /$cTerry Pratchett.
=260  \\$aNew York :$bHarperPrism,$c[1995], {copy}1995.
=300  \\$a373 pages ;$c18 cm
=336  \\$atext$btxt$2rdacontent
=337  \\$aunmediated$bn$2rdamedia
=338  \\$avolume$bnc$2rdacarrier
=521  8\$a640L$bLexile
=526  \\$aAccelerated Reader$bUG$c4.7$d14$e14$z40484
=650  \0$aDiscworld (Imaginary place)$vFiction.
=655  \7$aFantasy fiction.$2gsafd
=800  1\$aPratchett, Terry.$tDiscworld ;$v16.
=914  \\$a926937
=090  \\$aPR6066.R34$bS66 1995a

