=LDR  01125cam  22003618a 4500
=001  260637
=005  20160612044719.0
=008  050602s2005\\\\nyu\\\\\\b\\\\001\1\eng\\
=010  \\$a  2005015603
=020  \\$a0451460472 (alk. paper)
=020  \\$a9780451463630 (pbk)
=035  \\$a(OCoLC)ocm60590063
=040  \\$aDLC$cDLC$dOCLCQ$dBAKER$dUtOrBLW
=049  \\$aZPPA
=050  00$aPS3611.N564$bD73 2005
=082  00$a813/.6$222
=100  1\$aKnight, E. E.
=245  10$aDragon champion /$cE. E. Knight.
=260  \\$aNew York, N.Y. :$bRoc,$c2005.
=263  \\$a0512
=300  \\$a371 pages :$bmap ;$c23 cm.
=336  \\$atext$btxt$2rdacontent
=337  \\$aunmediated$bn$2rdamedia
=338  \\$avolume$bnc$2rdacarrier
=490  1\$aThe fire age ;$vbk. 1
=504  \\$aIncludes bibliographical references and index.
=526  \\$aAccelerated Reader$bMG+$c5.9$d20$e20$z145159
=650  \0$aDragons$vFiction.
=655  \7$aFantasy fiction.$2gsafd
=800  1\$aKnight, E. E.$tAge of fire;$vbk. 1.
=914  \\$a927414
=938  \\$aBaker & Taylor$bBKTY$c14.00$d10.50$i0451460472$n0006482942$sactive
=994  \\$aC0$bZPP

