=LDR  01677cam  2200445 a 4500
=001  260687
=005  20170621125703.0
=008  050802s2005\\\\nyub\\\\\\\\\\000\1\eng\\
=010  \\$z  2005053034
=020  \\$a0553801503
=020  \\$z055358202X (pbk)
=020  \\$a9780553582031
=020  \\$a0553582038
=020  \\$a9780553390568$q(mass market paperback)
=020  \\$a0553390562$q(mass market paperback)
=024  3\$a9780553801507
=035  \\$a(OCoLC)ocm61261403
=035  \\$a446143
=035  \\$a545921
=040  \\$aDLC$cDLC$dBAKER$dC#P$dZRK$dUtOrBLW
=049  \\$aZRKA
=050  00$aPS3563.A7239$bF39 2005
=082  00$a813/.54$222
=100  1\$aMartin, George R. R.
=245  12$aA feast for crows /$cGeorge R.R. Martin.
=260  \\$aNew York :$bBantam Books,$c2005.
=300  \\$a753 pages :$bmaps ;$c25 cm.
=336  \\$atext$btxt$2rdacontent
=337  \\$aunmediated$bn$2rdamedia
=338  \\$avolume$bnc$2rdacarrier
=490  1\$aA Bantam spectra book
=490  1\$aA song of ice and fire ;$vbk. 4
=520  \\$aIn the fourth novel in the epic fantasy series A Song of Ice and Fire, the kingdom exists in a state of perilous equilibrium following the death of a monstrous king, a regent ruling in King's Landing, and few claimants to the Iron Throne, until new conspiracies and alliances begin to erupt in the Seven Kingdoms. --Publisher
=526  \\$aAccelerated Reader$bUG$c5.3$d45$e45$z149241
=650  \0$aMagic$vFiction.
=650  \0$aKings and rulers$xSuccession$vFiction.
=655  \7$aFantasy fiction.$2gsafd
=800  1\$aMartin, George R. R.$tSong of ice and fire;$vbk. 4.
=830  \0$aBantam spectra book.
=914  \\$a927514

