=LDR  00866nam  2200301Ka 4500
=001  262229
=005  20160801170214.0
=008  041228s2004\\\\nyub\\\\\\\\\\000\1\eng\d
=020  \\$a0553582461 (pbk.)
=020  \\$a9780553582468$c{dollar}    8.99
=020  \\$a0553582461$c{dollar}    8.99
=035  \\$a(OCoLC)ocm57337688
=040  \\$aZAB$cZAB$dH{dollar}Y$dUtOrBLW
=049  \\$aH{dollar}YA
=050  \4$aPS3558.O33636$bF6 2004a
=100  1\$aHobb, Robin.
=245  10$aFool's fate /$cRobin Hobb.
=250  \\$aBantam mass market ed.
=260  \\$aNew York :$bBantam Books,$c2004.
=300  \\$a914 pages :$bmap ;$c18 cm.
=490  1\$aTawny man ;$vbk. 3
=655  \7$aFantasy fiction.$2gsafd
=800  1\$aHobb, Robin.$tTawny man;$vbk. 3.
=914  \\$a930716
=336  \\$atext$btxt$2rdacontent
=337  \\$aunmediated$bn$2rdamedia
=338  \\$avolume$bnc$2rdacarrier
=994  \\$a02$bH{dollar}Y

