=LDR  00866cam  22003018a 4500
=001  263449
=005  20160611210318.0
=008  050711t20062006nyu\\\\\\\\\\\000\1\eng\\
=010  \\$a  2005019668
=020  \\$a0451460731
=035  \\$a(OCoLC)ocm60881763
=040  \\$aDLC$cDLC$dBAKER$dUtOrBLW
=049  \\$aZPPA
=050  00$aPS3552.I7594$bS43 2006
=082  00$a813/.6$222
=100  1\$aBishop, Anne.
=245  10$aSebastian /$cby Anne Bishop.
=260  \\$aNew York :$bRoc,$c[2006], {copy}2006.
=263  \\$a0602
=300  \\$a437 pages ;$c24 cm.
=336  \\$atext$btxt$2rdacontent
=337  \\$aunmediated$bn$2rdamedia
=338  \\$avolume$bnc$2rdacarrier
=490  1\$aEphemera #1
=650  \0$aBelladonna, Glorianna (Fictitious character)$vFiction.
=655  \7$aFantasy fiction.$2gsafd
=800  1\$aBishop, Anne.$tLandscapes of Ephemera ;$v1.
=914  \\$a933536

