=LDR  01707cam  2200433 a 4500
=001  263671
=005  20160612044905.0
=008  050512t20062006nyu\\\\\\\\\\\000\1\eng\\
=010  \\$a  2005046337$z2005055458
=020  \\$a0345470028
=020  \\$z0345470028 (alk. paper)
=020  \\$a9780345470027
=035  \\$a(OCoLC)ocm60543150 
=035  \\$a(OCoLC)60543150
=040  \\$aDLC$cDLC$dBAKER$dC#P$dVP@$dIXA$dBTCTA$dXY4$dYDXCP$dCN5O8$dUtOrBLW
=050  00$aPS3563.A255$bC465 2006
=082  00$a813/.54$222
=100  1\$aMcCaffrey, Anne.
=245  10$aChangelings /$cAnne McCaffrey, Elizabeth Ann Scarborough.
=250  \\$a1st ed.
=260  \\$aNew York :$bDel Rey Books,$c[2006], {copy}2006.
=300  \\$a273 pages ;$c25 cm.
=336  \\$atext$btxt$2rdacontent
=337  \\$aunmediated$bn$2rdamedia
=338  \\$avolume$bnc$2rdacarrier
=490  1\$aThe twins of Petaybee ;$vbk. 1
=520  \\$aWhen a visiting scientist to the planet of Petaybee discovers the shapeshifting talents of the Shongili twins, who are able to transform between human and seal bodies, the twins are in danger of being kidnapped and must flee their home.
=526  \\$aAccelerated Reader$bUG$c6.0$d13$e13$z108731
=650  \0$aLife on other planets$vFiction.
=650  \0$aBrothers and sisters$vFiction.
=650  \0$aTwins$vFiction.
=650  \0$aTwins$vJuvenile fiction.
=650  \0$aShongili, Murel (Fictitious character)$vFiction.
=650  \0$aShongili, Ronan (Fictitious character)$vFiction.
=650  \0$aBrothers and sisters$vJuvenile fiction.
=655  \7$aScience fiction.$2gsafd
=700  1\$aScarborough, Elizabeth Ann.
=800  1\$aMcCaffrey, Anne.$tTwins of Petaybee;$vbk. 1.
=914  \\$a934134

