=LDR  01044cam  2200349 a 4500
=001  265085
=005  20160611210449.0
=008  050610s2006\\\\nyub\\\\\\\\\\000\1\eng\\
=010  \\$a  2005016832
=020  \\$a0765313405 (acid-free paper)
=024  3\$a9780765313409
=035  \\$a(OCoLC)ocm60776562
=040  \\$aDLC$cDLC$dBAKER$dC#P$dUtOrBLW
=049  \\$aOEKA
=050  00$aPS3601.B677$bS53 2006
=082  00$a813/.6$222
=100  1\$aAbraham, Daniel.
=245  12$aA shadow in summer /$cDaniel Abraham.
=250  \\$a1st ed.
=260  \\$aNew York :$bTor,$c2006.
=300  \\$a331 pages :$bmaps ;$c25 cm.
=336  \\$atext$btxt$2rdacontent
=337  \\$aunmediated$bn$2rdamedia
=338  \\$avolume$bnc$2rdacarrier
=490  1\$aThe long price quartet ;$vbk. 1
=500  \\$a"A Tom Doherty Associates Book."
=650  \0$aCity and town life$vFiction.
=650  \0$aCommerce$vFiction.
=650  \0$aMagic$vFiction.
=655  \7$aFantasy fiction.$2gsafd
=800  1\$aAbraham, Daniel.$tLong price quartet;$vbk. 1.
=914  \\$a938352

