=LDR  01533cam  2200433 a 4500
=001  266767
=005  20160612045048.0
=008  051123s2006\\\\nyu\\\\e\\\\\\000\1\eng\\
=010  \\$a  2005034506
=020  \\$a0765302217 (acid-free paper)
=020  \\$a9780765341433 (pbk)
=024  3\$a9780765302212
=035  \\$a(OCoLC)ocm62408641 
=040  \\$aDLC$cDLC$dBAKER$dC#P$dUtOrBLW
=049  \\$aZPPA
=050  00$aPS3562.A246$bW46 2006
=082  00$a813/.54$222
=100  1\$aLackey, Mercedes.
=245  10$aWhen darkness falls /$cMercedes Lackey and James Mallory.
=250  \\$a1st ed.
=260  \\$aNew York :$bTor,$c2006.
=300  \\$a496 pages ;$c25 cm.
=336  \\$atext$btxt$2rdacontent
=337  \\$aunmediated$bn$2rdamedia
=338  \\$avolume$bnc$2rdacarrier
=490  1\$aThe obsidian trilogy ;$vbk. 3
=500  \\$a"A Tom Doherty Associates book."
=526  \\$aAccelerated Reader$bUG$c7.1$d35$e35$z110917
=650  \0$aMagic$vFiction.
=650  \0$aElves$vFiction.
=650  \0$aGood and evil$vFiction.
=650  \0$aKings and rulers$vFiction.
=655  \7$aFantasy fiction.$2gsafd
=700  1\$aMallory, James.
=800  1\$aLackey, Mercedes.$tObsidian trilogy;$vbk. 3.
=856  42$3Contributor biographical information$uhttp://www.loc.gov/catdir/enhancements/fy0623/2005034506-b.html
=856  42$3Publisher description$uhttp://www.loc.gov/catdir/enhancements/fy0623/2005034506-d.html
=856  41$3Sample text$uhttp://www.loc.gov/catdir/enhancements/fy0623/2005034506-s.html
=914  \\$a942302

