=LDR  01135cam  22003618a 4500
=001  267045
=005  20160611210637.0
=008  051201r20062004nyu\\\\\\\\\\\000\1\eng\\
=010  \\$a  2005035110
=020  \\$a1591024366 (hardcover : alk. paper)
=035  \\$a(OCoLC)ocm62421261
=040  \\$aDLC$cDLC$dBAKER$dUtOrBLW
=043  \\$aa-ii---
=049  \\$aZPPA
=050  00$aPR6063.C38$bR58 2006
=082  00$a823/.914$222
=100  1\$aMcDonald, Ian,$d1960-
=245  10$aRiver of gods /$cby Ian McDonald.
=260  \\$aAmherst, NY :$bPyr,$c2006.
=263  \\$a0603
=300  \\$a599 pages ;$c24 cm
=336  \\$atext$btxt$2rdacontent
=337  \\$aunmediated$bn$2rdamedia
=338  \\$avolume$bnc$2rdacarrier
=500  \\$aIncludes glossary.
=586  \\$aBritish Science Fiction Association award for best novel [2005]
=630  00$aFuture series$vFiction.
=650  \0$aPsychics$vFiction.
=651  \0$aGanges River (India and Bangladesh)$vFiction.
=651  \0$aIndia$vFiction.
=655  \7$aScience fiction.$2gsafd
=856  41$3Table of contents$uhttp://www.loc.gov/catdir/toc/ecip064/2005035110.html
=914  \\$a942920

