=LDR  01213cam  2200397 a 4500
=001  267697
=005  20160612045121.0
=008  050920s2006\\\\nyu\\\\\\\\\\\000\1\eng\\
=010  \\$a  2005027330
=020  \\$a0765315025 (acid-free paper)
=020  \\$a9780765354068 (pbk)
=024  3\$a9780765315021
=035  \\$a(OCoLC)ocm61694785
=040  \\$aDLC$cDLC$dBAKER$dC#P$dUtOrBLW
=049  \\$aZPPA
=050  00$aPS3619.C256$bG48 2006
=082  00$a813/.6$222
=100  1\$aScalzi, John,$d1969-
=245  14$aThe ghost brigades /$cJohn Scalzi ; [edited by Patrick Nielsen Hayden].
=250  \\$a1st ed.
=260  \\$aNew York :$bTor,$c2006.
=300  \\$a317 pages ;$c22 cm
=336  \\$atext$btxt$2rdacontent
=337  \\$aunmediated$bn$2rdamedia
=338  \\$avolume$bnc$2rdacarrier
=500  \\$a"A Tom Doherty Associates book."
=500  \\$aEditor from t.p. verso.
=521  8\$a830L$bLexile
=650  \0$aSpace warfare$vFiction.
=650  \0$aGenetic engineering$vFiction.
=650  \0$aSpecial forces (Military science)$vFiction.
=650  \0$aCloning$vFiction.
=655  \7$aScience fiction.$2gsafd
=655  \7$aWar stories.$2gsafd
=700  1\$aNielsen Hayden, Patrick.
=914  \\$a944475

