=LDR  01239cam  2200313Ia 4500
=001  268572
=005  20160612045151.0
=008  880802s1987\\\\nyu\\\\\\\\\\\000\1\eng\d
=035  \\$a(OCoLC)ocm20472091
=040  \\$aUBY$cUBY$dUCW$dTHM$dOCL$dOCLCQ$dUtOrBLW
=049  \\$aOEKA
=090  \\$aPR6005.L36$bA617 1987
=100  1\$aClarke, Arthur C.$q(Arthur Charles),$d1917-2008.
=245  10$a2061, odyssey three /$cArthur C. Clarke.
=246  3\$aTwo thousand-sixty one
=246  30$aOdyssey three
=250  \\$aBook club ed.
=260  \\$aNew York :$bBallantine Books,$c1987.
=300  \\$a pages ;$ccm. ;
=336  \\$atext$btxt$2rdacontent
=337  \\$aunmediated$bn$2rdamedia
=338  \\$avolume$bnc$2rdacarrier
=500  \\$a"A Del Rey book."
=505  0\$aMagic mountain -- Valley of the black snow -- Europan roulette -- At the water hole -- Through the asteroids -- Haven -- Great wall -- Kingdom of sulfur -- 3001.
=520  \\$aCentenarian Heywood Floyd, survivor of two encounters with the mysterious monoliths, once again confronts Dave Bowman, an independent HAL, and an unseen alien race.
=526  \\$aAccelerated Reader$bUG$c8.3$d11$e11$z34785
=655  \7$aScience fiction.$2gsafd
=914  \\$a946188
=994  \\$aC0$bOEK

