=LDR  00952nam  2200289Ia 4500
=001  269467
=005  20170108014535.0
=008  090217t19791979nyu\\\\e\\\\\\000\1\eng\d
=010  \\$a   80014572 
=020  \\$a9781400052929
=020  \\$a1400052920
=035  \\$a(OCoLC)ocn308554798
=035  \\$a(OCoLC)308554798
=040  \\$aRGP$cRGP$dUtOrBLW
=082  04$a813.54
=100  1\$aAdams, Douglas,$d1952-2001.
=245  14$aThe hitchhiker's guide to the galaxy /$cDouglas Adams.
=250  \\$a1st ed.
=260  \\$aNew York :$bHarmony Books,$c[1979], {copy}1979.
=300  \\$a215 pages ;$c20 cm
=336  \\$atext$btxt$2rdacontent
=337  \\$aunmediated$bn$2rdamedia
=338  \\$avolume$bnc$2rdacarrier
=520  \\$aAfter Earth is demolished to make way for a new hyperspatial expressway, Arthur Dent begins to hitch-hike through space.
=600  \0$aPrefect, Ford$vFiction.
=600  \0$aDent, Arthur$c(Fictitious character)$vFiction.
=914  \\$a948216

