=LDR  01186cam  2200325Ia 4500
=001  270705
=005  20160611210959.0
=008  060629s2006\\\\waua\\\\\\\\\\000\1\eng\d
=010  \\$a  2005935527
=020  \\$a0786940999
=024  3\$a9780786940998
=035  \\$a(OCoLC)ocm70216504 
=040  \\$aJRG$cJRG$dBAKER$dXL4$dUtOrBLW
=049  \\$aOEKA
=092  \\$aScience Fiction$bWeis
=100  1\$aWeis, Margaret.
=245  10$aDragons of the dwarven depths /$cMargaret Weis and Tracy Hickman.
=260  \\$aRenton, WA :$bWizards of the Coast,$c2006.
=300  \\$a438 pages :$billustrations ;$c25 cm.
=336  \\$atext$btxt$2rdacontent
=337  \\$aunmediated$bn$2rdamedia
=338  \\$avolume$bnc$2rdacarrier
=490  0\$aLost chronicles ;$vvolume 1
=520  \\$aIn the untold story from the War of the Lance, each of the companions face their own challenges. Flint, however, faces the most crucial test, one on which the future of mankind may rest.
=650  \0$aDragons$vFiction.
=650  \0$aGood and evil$vFiction.
=655  \7$aFantasy fiction.$2gsafd
=700  1\$aHickman, Tracy.
=800  1\$aWeis, Margaret.$tDragonLance saga, Lost chronicles ;$v1.
=914  \\$a951408

