=LDR  01240cam  2200397 a 4500
=001  272631
=005  20160612045412.0
=008  060222t20062006nyu\\\\\\\\\\\000\1\eng\\
=010  \\$a  2006040236
=020  \\$a0345480287 (alk. paper)
=020  \\$a9780345480293 (pbk)
=024  3\$a9780345480286
=035  \\$a(OCoLC)ocm64453478 
=040  \\$aDLC$cDLC$dBAKER$dIOS$dC#P$dUtOrBLW
=049  \\$aOEKA
=050  00$aPS3563.A255$bD775 2006
=082  00$a813/.54$222
=100  1\$aMcCaffrey, Anne.
=245  10$aDragon's fire /$cAnne McCaffrey, Todd McCaffrey.
=250  \\$a1st ed.
=260  \\$aNew York :$bDel Rey Books,$c[2006], {copy}2006.
=300  \\$ax, 366 pages ;$c25 cm.
=336  \\$atext$btxt$2rdacontent
=337  \\$aunmediated$bn$2rdamedia
=338  \\$avolume$bnc$2rdacarrier
=490  1\$aThe Dragonriders of Pern
=521  8\$a840L$bLexile
=526  \\$aAccelerated Reader$bUG$c5.8$d17$e17$z108734
=650  \0$aDragons$vFiction.
=650  \0$aPern (Imaginary place)$vFiction.
=650  \0$aLife on other planets$vFiction.
=650  \0$aSpace colonies$vFiction.
=655  \7$aScience fiction.$2gsafd
=700  1\$aMcCaffrey, Todd,$d1956-
=800  1\$aMcCaffrey, Anne.$tDragonriders of Pern;$v25.
=914  \\$a956004

