=LDR  00795nam  2200277Ia 4500
=001  272710
=005  20160611211149.0
=008  040727s2004\\\\nyu\\\\\\\\\\\000\1\eng\d
=010  \\$a  2004719695
=020  \\$a0451459849 (pbk.) :$c{dollar}6.99
=035  \\$a(OCoLC)ocm56028499
=040  \\$aOCO$cOCO$dDLC$dBAKER$dY#4$dUtOrBLW
=050  \4$aPS3603.A55$bH4 2004a
=082  04$a813/.6
=100  1\$aCaine, Rachel.
=245  10$aHeat stroke /$cRachel Caine.
=260  \\$aNew York, NY :$bROC,$c2004.
=300  \\$a335 pages ;$c18 cm.
=336  \\$atext$btxt$2rdacontent
=337  \\$aunmediated$bn$2rdamedia
=338  \\$avolume$bnc$2rdacarrier
=490  1\$aWeather warden ;$vbk. 02
=500  \\$a"Roc fantasy."
=655  \7$aFantasy fiction.$2gsafd
=830  \0$aWeather warden ;$vbk. 02.
=914  \\$a956171

