=LDR  01622pam  2200457 a 4500
=001  273184
=005  20160612045430.0
=008  060206s2006\\\\nyu\\\\\\\\\\\000\1\eng\\
=010  \\$a  2006040423
=020  \\$a0345484088
=020  \\$a9780345484109 (pbk)
=029  0\$aIG#$b0345484088
=035  \\$a(OCoLC)ocm63705877 
=040  \\$aDLC$cDLC$dIG#$dBAKER$dE9G$dUtOrBLW
=049  \\$aE9GA
=050  00$aPS3552.R6596$bB67 2006
=082  00$a813/.54$222
=100  1\$aBrooks, Terry.
=245  10$aArmageddon's children /$cTerry Brooks.
=246  1\$iPre-publication title:$aBorn of wild magic
=250  \\$a1st ed.
=260  \\$aNew York :$bDel Rey,$c2006.
=300  \\$a371 pages ;$c25 cm.
=336  \\$atext$btxt$2rdacontent
=337  \\$aunmediated$bn$2rdamedia
=338  \\$avolume$bnc$2rdacarrier
=490  0\$aGenesis of Shannara ;$v[1st v.]
=500  \\$aPre-publication title: Born of wild magic.
=521  8\$a880L$bLexile
=526  \\$aAccelerated Reader$bUG$c6.3$d22$e22$z108707
=650  \0$aEnd of the world$vFiction.
=650  \0$aGood and evil$vFiction.
=650  \0$aImaginary wars and battles$vFiction.
=650  \0$aMagic$vFiction.
=655  \7$aFantasy fiction.$2gsafd
=800  1\$aBrooks, Terry.$tGenesis of Shannara ;$v[1st v.].
=856  42$3Contributor biographical information$uhttp://www.loc.gov/catdir/enhancements/fy0664/2006040423-b.html
=856  42$3Publisher description$uhttp://www.loc.gov/catdir/enhancements/fy0664/2006040423-d.html
=856  41$3Sample text$uhttp://www.loc.gov/catdir/enhancements/fy0664/2006040423-s.html
=914  \\$a957291
=994  \\$aC0$bE9G

