=LDR  00946cam  22003378a 4500
=001  274128
=005  20160611211306.0
=008  060207s2006\\\\nyu\\\\\\\\\\\000\0\eng\\
=010  \\$a  2006004358
=020  \\$a0441014038
=024  3\$a9780441014033
=035  \\$a(OCoLC)ocm63692719 
=040  \\$aDLC$cDLC$dBAKER$dOCO$dUtOrBLW
=049  \\$aZPPA
=050  00$aPR6119.T79$bG57 2006
=082  00$a813/.6$222
=100  1\$aStross, Charles.
=245  10$aGlasshouse /$cCharles Stross.
=250  \\$a1st ed.
=260  \\$aNew York :$bAce Books,$c2006.
=263  \\$a0607
=300  \\$a335 pages ;$c24 cm
=336  \\$atext$btxt$2rdacontent
=337  \\$aunmediated$bn$2rdamedia
=338  \\$avolume$bnc$2rdacarrier
=650  \0$aSpace and time$vFiction.
=650  \0$aMemory$vFiction.
=655  \7$aScience fiction.$2gsafd
=914  \\$a959716
=938  \\$aBaker & Taylor$bBKTY$c24.95$d18.71$i0441014038$n0006676350$sactive
=994  \\$aC0$bZPP

