=LDR  01354cam  2200385 a 4500
=001  275014
=005  20160611211353.0
=008  060217s2006\\\\nyub\\\\\\\\\\000\1\eng\\
=010  \\$a  2006005913
=020  \\$a0765310554 (acid-free paper)
=020  \\$a9780765349309 (pbk)
=024  3\$a9780765310552
=035  \\$a(OCoLC)ocm64442788 
=040  \\$aDLC$cDLC$dBAKER$dC#P$dUtOrBLW
=049  \\$aOEKA
=050  00$aPS3555.L5917$bS65 2006
=082  00$a813/.54$222
=100  1\$aElliott, Kate.
=245  10$aSpirit gate /$cKate Elliott.
=250  \\$a1st ed.
=260  \\$aNew York, NY :$bTor,$c2006.
=300  \\$a445 pages :$bmap ;$c25 cm.
=336  \\$atext$btxt$2rdacontent
=337  \\$aunmediated$bn$2rdamedia
=338  \\$avolume$bnc$2rdacarrier
=490  1\$aCrossroads ;$vbk. 1
=500  \\$aMap on lining papers.
=500  \\$a"A Tom Doherty Associates book."
=650  \0$aImaginary wars and battles$vFiction.
=655  \7$aFantasy fiction.$2gsafd
=800  1\$aElliott, Kate,$d1958-$tCrossroads ;$vbk. 1.
=856  42$3Contributor biographical information$uhttp://www.loc.gov/catdir/enhancements/fy0643/2006044629-b.html
=856  42$3Publisher description$uhttp://www.loc.gov/catdir/enhancements/fy0643/2006044629-d.html
=856  41$3Sample text$uhttp://www.loc.gov/catdir/enhancements/fy0667/2006005913-s.html
=914  \\$a961904

