=LDR  00876cam  2200313Ia 4500
=001  277215
=005  20160611211554.0
=008  060426s2006\\\\nyu\\\\\\\\\\\000\1\eng\d
=020  \\$a0312856849
=024  3\$a9780312856847
=035  \\$a(OCoLC)ocm67711627 
=040  \\$aTEF$cTEF$dBAKER$dRLS$dIXA$dVP@$dE9G$dUtOrBLW
=049  \\$aE9GA
=050  \4$aPS3572.I534$bR35 2006
=082  04$a813/.54$222
=100  1\$aVinge, Vernor.
=245  10$aRainbows end /$cVernor Vinge.
=250  \\$a1st ed.
=260  \\$aNew York :$bTor,$c2006.
=300  \\$a364 pages ;$c25 cm
=336  \\$atext$btxt$2rdacontent
=337  \\$aunmediated$bn$2rdamedia
=338  \\$avolume$bnc$2rdacarrier
=500  \\$a"A Tom Doherty Associates book."
=650  \0$aAlzheimer's disease$vFiction.
=650  \0$aMemory$vFiction.
=655  \7$aScience fiction.$2gsafd
=914  \\$a966737
=994  \\$aC0$bE9G

