=LDR  01426cam  22004094a 4500
=001  277879
=005  20160612045724.0
=008  060828s2006\\\\nyu\\\\\\\\\\\000\1\eng\\
=010  \\$a  2006028621
=020  \\$a0765316110 (acid-free paper)
=020  \\$a9780765316110 (acid-free paper)
=020  \\$a0765355221 (pbk)
=020  \\$a9780765355225 (pbk)
=024  3\$a9780765316110
=035  \\$a(OCoLC)ocm71210222 
=040  \\$aDLC$cDLC$dBAKER$dC#P$dUtOrBLW
=049  \\$aZPJA
=050  00$aPS3553.A655$bE486 2006
=082  00$a813/.54$222
=100  1\$aCard, Orson Scott.
=245  10$aEmpire /$cOrson Scott Card.
=250  \\$a1st ed.
=260  \\$aNew York :$bTor,$c2006.
=300  \\$a351 pages ;$c25 cm
=336  \\$atext$btxt$2rdacontent
=337  \\$aunmediated$bn$2rdamedia
=338  \\$avolume$bnc$2rdacarrier
=500  \\$a"A Tom Doherty Associates book."
=526  \\$aAccelerated Reader$bUG$c5.7$d17$e17$z111890
=650  \0$aImaginary wars and battles$vFiction.
=650  \0$aCivil war$vFiction.
=655  \7$aScience fiction.$2gsafd
=655  \7$aWar stories.$2gsafd
=856  41$3Table of contents only$uhttp://www.loc.gov/catdir/toc/ecip0620/2006028621.html
=856  42$3Contributor biographical information$uhttp://www.loc.gov/catdir/enhancements/fy0667/2006028621-b.html
=856  42$3Publisher description$uhttp://www.loc.gov/catdir/enhancements/fy0667/2006028621-d.html
=914  \\$a968190

