=LDR  01016cam  2200265Ia 4500
=001  278668
=005  20160611211716.0
=008  000620t20002000utuab\\\\\\\\\000\1\eng\\
=010  \\$a   99090036 
=020  \\$a1593081941
=040  \\$dUtOrBLW
=100  1\$aMorgan, K. L.
=245  10$aLodestar :$bfrom the chronicles of Fiarah /$cK.L. Morgan ; illustrated by the author ; maps by K.L. Morgan and Zack Utter.
=260  \\$aOrem, Utah :$bTriQuest Publishing,$c[2000], {copy}2000.
=300  \\$a587 pages :$billustrations, maps ;$c22 cm.
=336  \\$atext$btxt$2rdacontent
=337  \\$aunmediated$bn$2rdamedia
=338  \\$avolume$bnc$2rdacarrier
=490  1\$aChronicles of Fiarah ;$vVol III
=500  \\$aThis edition contains a preview chapter from "In search of dragons" and a glossary of names and terms associated with the stories.
=700  1\$aMcClellan, Dave,$eillustrator.
=700  1\$aUtter, Zack,$eillustrator.
=800  1\$aMorgan, K. L.$tChronicles of Fiarah ;$vVol. III.
=914  \\$a970293
=994  \\$aE0$bZFR

