=LDR  00836cam  2200265Ka 4500
=001  278672
=005  20160611211716.0
=008  060111s2005\\\\utu\\\\\\\\\\\000\1\eng\d
=020  \\$a1583081798
=035  \\$a(OCoLC)ocm62876792 
=040  \\$aUWB$cUWB$dOCLCQ$dUtOrBLW
=049  \\$aZPJA
=092  \\$aFic$bMorgan
=100  1\$aMorgan, K. L.
=245  10$aBeyond the portals of time, bk. 6 :$bChronicles of Fiarah series /$cK.L. Morgan.
=260  \\$aOrem, Utah :$bTriQuest Publishing,$c2005.
=300  \\$a685 pages :$billustrations, maps ;$c22 cm.
=336  \\$atext$btxt$2rdacontent
=337  \\$aunmediated$bn$2rdamedia
=338  \\$avolume$bnc$2rdacarrier
=490  1\$aChronicles of Fiarah;$vbk. 6
=650  \0$aFantasy fiction.
=800  1\$aMorgan, K. L.$tFrom the chronicles of Fiarah;$vbk. 6.
=914  \\$a970311
=994  \\$aC0$bZPJ

