=LDR  00774cam  2200241Ka 4500
=001  278673
=005  20160611211716.0
=008  031014t20032003utuab\\\\\\\\\000\0\eng\d
=020  \\$a1583081969
=035  \\$a(OCoLC)ocm53196704 
=040  \\$aUWB$cUWB$dOCLCQ$dUtOrBLW
=049  \\$aZPJA
=100  1\$aMorgan, K. L.
=245  10$aGuardians of peace, bk. 5 :$bChronicles of Fiarah series /$cK.L. Morgan.
=260  \\$aOrem, Utah :$bTriQuest Pub. Co.,$c[2003], {copy}2003.
=300  \\$a626 pages :$billustrations, maps ;$c22 cm.
=336  \\$atext$btxt$2rdacontent
=337  \\$aunmediated$bn$2rdamedia
=338  \\$avolume$bnc$2rdacarrier
=490  1\$aChronicles of Fiarah;$vbk. 5
=800  1\$aMorgan, K. L.$tFrom the chronicles of Fiarah;$vbk. 5.
=914  \\$a970312
=994  \\$aC0$bZPJ

