=LDR  00876ctm  2200289 a 4500
=001  278674
=005  20160611211716.0
=008  010718s20062001utua\\\\\\\\\\000\1\eng\c
=010  \\$a  2001093921
=020  \\$a1583081801 ({dollar}17.95 : alk. paper)
=035  \\$a(OCoLC)ocm51681679 
=040  \\$aUBY$cUBY$dOCLCQ$dUtOrBLW
=042  \\$apcc
=049  \\$aZPJA
=100  1\$aMorgan, K. L.
=245  10$aIn search of dragons /$cK.L. Morgan.
=250  \\$a2nd. ed.
=260  \\$aOrem, UT :$bTriQuest Pub. Co.,$c2006, {copy}2001.
=300  \\$a572 pages :$billustrations ;$c22 cm.
=336  \\$atext$btxt$2rdacontent
=337  \\$aunmediated$bn$2rdamedia
=338  \\$avolume$bnc$2rdacarrier
=490  1\$aFrom the chronicles of Fiarah ;$vv. 4
=655  \0$aFantasy fiction, American.
=800  1\$aMorgan, K. L.$tFrom the chronicles of Fiarah ;$vv. 4.
=914  \\$a970313
=994  \\$aC0$bZPJ

