=LDR  01401cam  2200397 a 4500
=001  278921
=005  20160612045803.0
=008  060328t20062006nyu\\\\\\\\\\\000\1\eng\\
=010  \\$a  2005056094
=020  \\$a0345477367 (alk. paper)
=024  3\$a9780345477361
=035  \\$a(OCoLC)ocm65816687 
=040  \\$aDLC$cDLC$dBAKER$dC#P$dVP@$dUtOrBLW
=049  \\$aZPPA
=050  00$aPS3611.A7846$bD37 2006
=082  00$a813/.6$222
=100  1\$aKarpyshyn, Drew.
=245  10$aDarth Bane :$bpath of destruction : a novel of the Old Republic /$cDrew Karpyshyn.
=250  \\$a1st ed.
=260  \\$aNew York :$bDel Rey Ballantine Books,$c[2006], {copy}2006.
=300  \\$ax, 324 pages ;$c25 cm.
=336  \\$atext$btxt$2rdacontent
=337  \\$aunmediated$bn$2rdamedia
=338  \\$avolume$bnc$2rdacarrier
=490  1\$aStar wars
=500  \\$a"Lucas books."
=526  \\$aAccelerated Reader$bUG$c7.2$d19$e19$z111322
=650  \0$aStar Wars fiction.
=650  \0$aInterplanetary voyages$vFiction.
=655  \7$aScience fiction.$2gsafd
=856  42$3Contributor biographical information$uhttp://www.loc.gov/catdir/enhancements/fy0661/2005056094-b.html
=856  42$3Publisher description$uhttp://www.loc.gov/catdir/enhancements/fy0661/2005056094-d.html
=830  \0$aStar wars.
=914  \\$a970860
=938  \\$aBaker & Taylor$bBKTY$c25.95$d19.46$i0345477367$n0006718552$sactive
=994  \\$aC0$bZPP

