=LDR  00990cam  2200325Ia 4500
=001  280655
=005  20160611211910.0
=008  060825s2006\\\\nyu\\\\\\\\\\\000\1\eng\d
=020  \\$a0451461045 (pbk.)
=024  3\$a9780451461049
=035  \\$a(OCoLC)ocm71156224 
=040  \\$aVPW$cVPW$dBAKER$dOCO$dY#4$dUtOrBLW
=049  \\$aY#4A
=100  1\$aCaine, Rachel.
=245  10$aFirestorm /$cRachel Caine.
=260  \\$aNew York, NY :$bROC,$c2006.
=300  \\$a303 pages ;$c18 cm.
=336  \\$atext$btxt$2rdacontent
=337  \\$aunmediated$bn$2rdamedia
=338  \\$avolume$bnc$2rdacarrier
=490  1\$aWeather warden ;$vbk. 05
=500  \\$a"Roc fantasy."
=500  \\$a"ROC fantasy"--Spine.
=650  \0$aBaldwin, Joanne (Fictitious character)$vFiction.
=650  \0$aWeather control$vFiction.
=650  \0$aFantasy fiction.
=830  \0$aWeather warden ;$vbk. 05.
=914  \\$a974754
=938  \\$aBaker & Taylor$bBKTY$c6.99$d5.59$i0451461045$n0006763026$sactive
=994  \\$a02$bY#4

