=LDR  01157cam  22003978a 4500
=001  282625
=005  20160611212103.0
=008  060911s2007\\\\nyu\\\\\\\\\\\000\0\eng\\
=010  \\$a  2006029903
=020  \\$a0553803131
=020  \\$a9780553803136
=020  \\$a9780553585827 (pbk)
=029  1\$aYDXCP$b2458739
=035  \\$a(OCoLC)ocm71329881 
=040  \\$aDLC$cDLC$dBAKER$dJTE$dIK2$dYDXCP$dUtOrBLW
=043  \\$an-us-dc
=049  \\$aZPPA
=050  00$aPS3568.O2893$bS59 2007
=082  00$a813/.54$222
=100  1\$aRobinson, Kim Stanley.
=245  10$aSixty days and counting /$cKim Stanley Robinson.
=260  \\$aNew York :$bBantam Books,$c2007.
=263  \\$a0703
=300  \\$a388 pages ;$c25 cm
=336  \\$atext$btxt$2rdacontent
=337  \\$aunmediated$bn$2rdamedia
=338  \\$avolume$bnc$2rdacarrier
=650  \0$aGlobal warming$vFiction.
=650  \0$aClimatic changes$vFiction.
=650  \0$aScientists$vFiction.
=650  \0$aPresidents$vFiction.
=650  \0$aLegislators$vFiction.
=651  \0$aWashington (D.C.)$vFiction.
=655  \7$aSuspense fiction.$2gsafd
=655  \7$aDidactic fiction.$2gsafd
=914  \\$a979595

