=LDR  01276cam  22003854a 4500
=001  283835
=005  20160611212212.0
=008  060808s2007\\\\nyu\\\\\\\\\\\000\1\eng\\
=010  \\$a  2006025841
=020  \\$a0765315521
=020  \\$a9780765315526
=024  3\$a9780765315526
=035  \\$a(OCoLC)ocm70867042 
=035  \\$a(OCoLC)70867042
=040  \\$aDLC$cDLC$dBAKER$dC#P$dUtOrBLW
=049  \\$aZPJA
=050  00$aPS3552.A4313$bG63 2007
=082  00$a813/.54$222
=100  1\$aBaker, Kage.
=245  10$aGods and pawns /$cKage Baker.
=250  \\$a1st ed.
=260  \\$aNew York :$bTor,$c2007.
=300  \\$a335 pages ;$c25 cm.
=336  \\$atext$btxt$2rdacontent
=337  \\$aunmediated$bn$2rdamedia
=338  \\$avolume$bnc$2rdacarrier
=490  1\$a[Stories of the company]
=500  \\$aSeries from jacket.
=505  0\$aTo the land beyond the sunset -- The catch -- The angel in the darkness -- Standing in his light -- A night on the Barbary Coast -- Welcome to Olympus, Mr. Hearst -- Hellfire at twilight.
=650  \0$aDr. Zeus Incorporated (Imaginary organization)$vFiction.
=650  \0$aImmortalism$vFiction.
=650  \0$aTime travel$vFiction.
=650  \0$aScience fiction, American.
=800  1\$aBaker, Kage.$tThe Company.
=914  \\$a982349

