=LDR  00958cam  22003378a 4500
=001  283959
=005  20160611212220.0
=008  060808s2007\\\\nyu\\\\\\\\\\\000\0\eng\\
=010  \\$a  2006025838
=020  \\$a0765315009
=024  3\$a9780765315007
=035  \\$a(OCoLC)ocm70867041 
=040  \\$aDLC$cDLC$dBAKER$dUtOrBLW
=049  \\$aZPPA
=050  00$aPS3573.E217$bO35 2007
=082  00$a813/.54$222
=100  1\$aWeber, David,$d1952-
=245  10$aOff Armageddon Reef /$cDavid Weber.
=250  \\$a1st ed.
=260  \\$aNew York :$bTor,$c2007.
=300  \\$a605 pages :$bmap ;$c25 cm
=336  \\$atext$btxt$2rdacontent
=337  \\$aunmediated$bn$2rdamedia
=338  \\$avolume$bnc$2rdacarrier
=650  \0$aSpace warfare$vFiction.
=650  \0$aAndroids$vFiction.
=650  \0$aTechnology$vFiction.
=650  \0$aReligion$vFiction.
=655  \7$aScience fiction.$2gsafd
=800  1\$aWeber, David,$d1952-$tSafehold series;$v1.
=914  \\$a982642

