=LDR  01029cam  22003618a 4500
=001  284450
=005  20160612050124.0
=008  060428s2006\\\\nyu\\\\\\\\\\\000\1\eng\\
=010  \\$a  2006014356
=020  \\$a0451461096 (trade pbk.)
=020  \\$a9780451461223 (pbk)
=035  \\$a(OCoLC)ocm68693735 
=040  \\$aDLC$cDLC$dBAKER$dUtOrBLW
=049  \\$aZPPA
=050  00$aPS3611.N564$bD727 2006
=082  00$a813/.6$222
=100  1\$aKnight, E. E.
=245  10$aDragon avenger /$cE.E. Knight.
=260  \\$aNew York :$bRoc,$c2006.
=263  \\$a0612
=300  \\$a375 pages ;$c23 cm.
=336  \\$atext$btxt$2rdacontent
=337  \\$aunmediated$bn$2rdamedia
=338  \\$avolume$bnc$2rdacarrier
=490  1\$aThe age of fire ;$vbk. 2
=526  \\$aAccelerated Reader$bMG+$c6.3$d20$e20$z170169
=650  \0$aDragons$vFiction.
=650  \0$aDwarfs$vFiction.
=650  \0$aRevenge$vFiction.
=655  \7$aFantasy fiction.$2gsafd
=800  1\$aKnight, E. E.$tAge of fire;$vbk. 2.
=914  \\$a983749
=994  \\$aC0$bZPP

