=LDR  01866cam  2200445Ma 4500
=001  288990
=005  20170108014538.0
=008  081001r20082007mauab\\\\\\\\\000\1\eng\d
=010  \\$a  2007001420
=020  \\$a9780547086057 (pbk.)
=020  \\$a0547086059 (pbk.)
=035  \\$a(OCoLC)ocn212846973
=035  \\$a(OCoLC)212846973$z(OCoLC)732913811
=040  \\$aBTCTA$beng$cBTCTA$dYDXCP$dAZFX8$dBDX$dTXBXL$dCNPEM$dOCLCO$dOCLCQ$dOCLCO$dOCLCA$dOCLCF$dUtOrBLW
=049  \\$aZFRA
=050  14$aPR6039.O32$bN37 2008
=082  04$a823/.912$222
=100  1\$aTolkien, J. R. R.$q(John Ronald Reuel),$d1892-1973.
=245  10$aNarn i ch{circ}in H{acute}urin :$bthe tale of the children of H{acute}urin /$cJ.R.R. Tolkien ; edited by Christopher Tolkien ; illustrated by Alan Lee.
=246  30$aTale of the children of H{acute}urin
=246  14$aChildren of H{acute}urin
=250  \\$a1st Houghton Mifflin pbk. ed.
=260  \\$aBoston :$bHoughton Mifflin,$c2008, {copy}2007.
=300  \\$a313 pages :$billustrations (some color), maps ;$c21 cm
=336  \\$atext$btxt$2rdacontent
=337  \\$aunmediated$bn$2rdamedia
=338  \\$avolume$bnc$2rdacarrier
=500  \\$aOriginally published: London : HarperCollins, 2007.
=520  \\$aA fantasy adventure saga set in the early days of Middle-Earth features humans and elves, dwarves and dragons, orcs and dark sorcerers clashing in an epic battle between good and evil.
=526  \\$aAccelerated Reader$bUG$c6.9$d12$e12$z114630
=650  \0$aMiddle Earth (Imaginary place)$vFiction.
=650  \7$aFantasy fiction.$2sears
=700  1\$aTolkien, Christopher.
=856  41$3Table of contents only$uhttp://www.loc.gov/catdir/toc/ecip079/2007001420.html
=914  \\$a993188
=994  \\$aC0$bZFR
=019  \\$a732913811
=029  1\$aNZ1$b12691651
=938  \\$aYBP Library Services$bYANK$n2837366
=938  \\$aBrodart$bBROD$n08265844$c{dollar}14.95

