=LDR  01303cam  22004218a 4500
=001  290021
=005  20160611212805.0
=008  060913s2007\\\\nyu\\\\\\\\\\\000\1\eng\\
=010  \\$a  2006030574
=020  \\$a0451461401
=020  \\$a9780451461551
=020  \\$a045146155X
=020  \\$a9780451461407
=035  \\$a(OCoLC)ocm71800498 
=035  \\$a(OCoLC)71800498
=040  \\$aDLC$cDLC$dBAKER$dBTCTA$dJRS$dUtOrBLW
=043  \\$an-us-il
=049  \\$aZPJA
=082  00$a813/.6$222
=100  1\$aButcher, Jim,$d1971-
=245  10$aWhite night :$ba novel of the Dresden files /$cJim Butcher.
=260  \\$aNew York :$bRoc,$c2007.
=300  \\$apages ;$ccm.
=336  \\$atext$btxt$2rdacontent
=337  \\$aunmediated$bn$2rdamedia
=338  \\$avolume$bnc$2rdacarrier
=490  1\$aDresden files ;$v9
=650  \0$aDresden, Harry (Fictitious character)$vFiction.
=650  \0$aWizards$vFiction.
=650  \0$aMagicians$xCrimes against$vFiction.
=650  \0$aBrothers$vFiction.
=650  \0$aWizards$zIllinois$zChicago$vFiction.
=650  \0$aPrivate investigators$zIllinois$zChicago$vFiction.
=651  \0$aChicago (Ill.)$vFiction.
=655  \7$aFantasy fiction.$2gsafd
=655  \7$aMystery fiction.$2gsafd
=800  1\$aButcher, Jim,$d1971-$tDresden files;$v9.
=914  \\$a995624

