=LDR  01260cam  22003614a 4500
=001  293054
=005  20160611213059.0
=008  060731s2007\\\\nyub\\\\\\\\\\000\1\eng\\
=010  \\$a  2006025074
=020  \\$a9780446500036
=020  \\$a0446500038
=035  \\$a(OCoLC)ocm70864429 
=035  \\$a(OCoLC)70864429
=040  \\$aDLC$cDLC$dBAKER$dBTCTA$dC#P$dE9G$dUtOrBLW
=049  \\$aE9GA
=050  00$aPS3603.A74$bK83 2007
=082  00$a813/.6$222
=100  1\$aCarey, Jacqueline,$d1964-
=245  10$aKushiel's justice /$cJacqueline Carey.
=250  \\$a1st ed.
=260  \\$aNew York :$bWarner Books,$c2007.
=300  \\$aix, 703 pages :$bmap ;$c24 cm
=336  \\$atext$btxt$2rdacontent
=337  \\$aunmediated$bn$2rdamedia
=338  \\$avolume$bnc$2rdacarrier
=520  0\$a"The sequel to Kushiel's avatar, Imriel returns to embark on a harsh and ugly quest to bring the murderer of his wife and son to justice"--Provided by publisher.
=650  \0$aArranged marriage$vFiction.
=650  \0$aInheritance and succession$vFiction.
=650  \0$aPrinces$vFiction.
=655  \7$aFantasy fiction.$2gsafd
=800  1\$aCarey, Jacqueline,$d1964-$tImriel trilogy ;$v2.
=800  1\$aCarey, Jacqueline,$d1964-$tKushiel's legacy.;$v5.
=914  \\$a1003104

