=LDR  01279cam  22004094a 4500
=001  293614
=005  20160611213130.0
=008  070606t20072007nyub\\\\\\\\\\000\1\eng\c
=010  \\$a  2007297741
=020  \\$a0756403588
=020  \\$a9780756403584
=029  1\$aYDXCP$b2538926
=035  \\$a(OCoLC)ocm85265883 
=035  \\$a(OCoLC)85265883
=040  \\$aGO9$cGO9$dDLC$dBAKER$dXL4$dYDXCP$dDAY$dUBY$dVP@$dBTCTA$dH{dollar}Y$dUtOrBLW
=042  \\$apcc
=049  \\$aH{dollar}YA
=050  00$aPS3573.I45563$bS534 2007
=082  00$a813/.54$222
=100  1\$aWilliams, Tad.
=245  10$aShadowplay /$cTad Williams.
=260  \\$aNew York :$bDaw Books ;$a[New York] : Distributed by Penguin Group,$c[2007], {copy}2007.
=300  \\$axiv, 656 pages :$bmaps ;$c24 cm.
=336  \\$atext$btxt$2rdacontent
=337  \\$aunmediated$bn$2rdamedia
=338  \\$avolume$bnc$2rdacarrier
=490  1\$aDAW book collectors;$vno. 1393
=490  1\$aShadowmarch ;$vv. 2
=650  \0$aMagic$vFiction.
=650  \0$aTwins$vFiction.
=650  \0$aFate and fatalism$vFiction.
=650  \0$aGods$vFiction.
=655  \0$aFantasy fiction, American.
=655  \7$aFantasy fiction.$2gsafd
=800  1\$aWilliams, Tad.$tShadowmarch ;$vv. 2.
=830  \0$aDAW book collectors ;$vno. 1393.
=914  \\$a1004418

