=LDR  01182cam  22003978a 4500
=001  294525
=005  20160611213224.0
=008  070112s2007\\\\nyu\\\\\\\\\\\000\1\eng\\
=010  \\$a  2007001608
=015  \\$aGBA721302$2bnb
=016  7\$a013695169$2Uk
=020  \\$a9781591025412 (alk. paper)
=020  \\$a1591025419 (alk. paper)
=029  1\$aYDXCP$b2539403
=035  \\$a(OCoLC)ocm78791139 
=035  \\$a(OCoLC)78791139
=040  \\$aDLC$cDLC$dBAKER$dUKM$dBTCTA$dWIQ$dYDXCP$dUtOrBLW
=049  \\$aZPPA
=050  00$aPS3561.E5544$bB75 2007
=082  00$a813/.6$222
=100  1\$aKenyon, Kay.
=245  10$aBright of the sky /$cKay Kenyon.
=260  \\$aAmherst, N.Y. :$bPyr Books,$c2007.
=263  \\$a0704
=300  \\$a453 pages ;$c24 cm.
=336  \\$atext$btxt$2rdacontent
=337  \\$aunmediated$bn$2rdamedia
=338  \\$avolume$bnc$2rdacarrier
=490  1\$aThe entire and the rose ;$vbk. 1
=650  \0$aSpace and time$vFiction.
=650  \0$aSlavery$vFiction.
=650  \0$aHuman-alien encounters$vFiction.
=655  \7$aScience fiction.$2gsafd
=800  1\$aKenyon, Kay,$d1956-$tEntire and the rose ;$vbk. 1.
=914  \\$a1006557
=994  \\$aC0$bZPP

