=LDR  01956cam  2200445 a 4500
=001  295113
=005  20170120160055.0
=008  070606t20072007nyub\\\\\\\\\\000\1\eng\d
=010  \\$a  2007297742
=020  \\$a9780756404079
=020  \\$a075640407X
=020  \\$a9780756405892$c{dollar}19.00
=020  \\$a0756405890$c{dollar}19.00
=020  \\$a9780756404741
=020  \\$a0756404746
=020  \\$a9780756404079$c{dollar}   30.00
=020  \\$a075640407X$c{dollar}   30.00
=035  \\$a(OCoLC)ocn145149268
=035  \\$a354417
=035  \\$a704431
=040  \\$aOCO$cOCO$dDLC$dYDXCP$dBAKER$dDPL$dLF8$dGZM$dBTCTA$dVP@$dDAY$dMNY$dXY4$dCQU$dNXA$dZPJ$dUtOrBLW
=049  \\$aZPJA
=050  00$aPS3618.O8685$bN36 2007
=082  00$a813/.6$222
=100  1\$aRothfuss, Patrick,$d1973-
=245  14$aThe name of the wind :$bthe kingkiller chronicle, day one /$cPatrick Rothfuss.
=260  \\$aNew York :$bDAW Books ;$a[New York] :$bDistributed by Penguin Group,$c[2007], {copy}2007.
=300  \\$a661 pages :$bmap ;$c24 cm
=336  \\$atext$btxt$2rdacontent
=337  \\$aunmediated$bn$2rdamedia
=338  \\$avolume$bnc$2rdacarrier
=520  \\$a"The tale of Kvothe, from his childhood in a troupe of traveling players, to years spent as a near-feral orphan in a crime-riddled city, to his daringly brazen yet successful bid to enter a difficult and dangerous school of magic. In these pages, you will come to know Kvothe as a notorious magician, an accomplished thief, a masterful musician, and an infamous assassin. But this book is so much more, for the story it tells reveals the truth behind Kvothe's legend"--From publisher description.
=526  \\$aAccelerated Reader$bUG$c5.1$d39$e39$z120994
=650  \0$aKvothe (Fictitious character)$vFiction.
=650  \0$aMagicians$vFiction.
=650  \0$aMagic$vFiction.
=655  \7$aFantasy fiction.$2gsafd
=800  1\$aRothfuss, Patrick,$d1973-$tKingkiller chronicle;$vDay 1.
=914  \\$a1007771
=994  \\$aC0$bZPJ

