=LDR  01808cam  22003974a 4500
=001  296443
=005  20160611213415.0
=008  070306s2007\\\\nyu\\\\\\\\\\\000\1\eng\\
=010  \\$a  2007009541
=020  \\$a076531746X
=020  \\$a9780765317469
=035  \\$a(OCoLC)ocm85814207 
=040  \\$aDLC$cDLC$dBAKER$dBTCTA$dUKM$dC#P$dYDXCP$dUtOrBLW
=049  \\$aZPJA
=050  00$aPS3552.A4313$bS66 2007
=082  00$a813/.54$222
=100  1\$aBaker, Kage.
=245  14$aThe sons of heaven /$cKage Baker.
=250  \\$a1st ed.
=260  \\$aNew York :$bTor,$c2007.
=300  \\$a430 pages ;$c25 cm.
=336  \\$atext$btxt$2rdacontent
=337  \\$aunmediated$bn$2rdamedia
=338  \\$avolume$bnc$2rdacarrier
=490  1\$aThe Company series
=500  \\$a"A sci fi essential book"--Jacket.
=500  \\$a"A Tom Doherty Associates Book."
=520  \\$aConclusion to the story of Mendoza and The Company. In the Sons of Heaven, the forces gathering to seize power finally move on the Company. The immortal Lewis wakes to find himself blinded, crippled, and left with no weapons but his voice, his memory, and the friendship of one extraordinary little girl. Edward Alton Bell-Fairfax, resurrected Victorian superman, plans for world domination. The immortal Mendoza makes a desperate bargain to delay him. Enforcer Budu, assisted by Joseph, enlists an unexpected ally in his plans to free his old warriors and bring judgment on his former masters.
=650  \0$aDr. Zeus Incorporated (Imaginary organization)$vFiction.
=650  \0$aImmortalism$vFiction.
=650  \0$aTime travel$vFiction.
=650  \0$aMendoza (Fictitious character)$vFiction.
=655  \7$aScience fiction.$2gsafd
=800  1\$aBaker, Kage.$tThe Company ;$v8.
=800  1\$aBaker, Kage.$tCompany novels.
=914  \\$a1010770

