=LDR  01159cam  22003854a 4500
=001  298154
=005  20170131142348.0
=008  060911t20072007nyub\\\\\\\\\\000\1\eng\\
=010  \\$a  2006029726
=020  \\$a0385506066
=020  \\$a9780385506069
=035  \\$a(OCoLC)ocm71312844 
=035  \\$a(OCoLC)71312844
=035  \\$a701257
=040  \\$aDLC$cDLC$dBAKER$dDOV$dBTCTA$dYDXCP$dC#P$dE9G$dUtOrBLW
=049  \\$aE9GA
=050  00$aPS3554.U677$bA33 2007
=082  00$a813/.6$222
=100  1\$aDurham, David Anthony,$d1969-
=245  10$aWar with the Mein /$cDavid Anthony Durham.
=250  \\$a1st ed.
=260  \\$aNew York :$bDoubleday,$c[2007], {copy}2007.
=300  \\$a576 pages :$bcolor map ;$c25 cm.
=336  \\$atext$btxt$2rdacontent
=337  \\$aunmediated$bn$2rdamedia
=338  \\$avolume$bnc$2rdacarrier
=490  1\$aAcacia ;$vbk. 1
=500  \\$aMap on endpapers.
=650  \0$aAssassins$vFiction.
=650  \0$aBetrayal$vFiction.
=650  \0$aImaginary wars and battles$vFiction.
=655  \7$aFantasy fiction.$2gsafd
=800  1\$aDurham, David Anthony,$d1969-$tAcacia ;$vbk. 1.
=914  \\$a1014482
=029  1\$aYDXCP$b2512520

