=LDR  01037cam  2200337Ia 4500
=001  298849
=005  20160611213630.0
=008  070514t20072007wau\\\\\\\\\\\000\1\eng\\
=010  \\$a  2006937509
=020  \\$a9780786943333
=020  \\$a0786943335
=035  \\$a(OCoLC)ocn126889349
=035  \\$a(OCoLC)126889349
=040  \\$aDOV$cDOV$dBAKER$dBTCTA$dWIQ$dUtOrBLW
=049  \\$aZPPA
=050  \4$aPS3573.E3978$bD753 2007
=082  04$a813/.54$222
=100  1\$aWeis, Margaret.
=245  10$aDragons of the highlord skies /$cMargaret Weis and Tracy Hickman.
=260  \\$aRenton, WA :$bWizards of the Coast,$c[2007], {copy}2007.
=300  \\$a456 pages ;$c25 cm.
=336  \\$atext$btxt$2rdacontent
=337  \\$aunmediated$bn$2rdamedia
=338  \\$avolume$bnc$2rdacarrier
=490  1\$aThe lost chronicles ;$vv. 2
=650  \0$aAssassins$vFiction.
=650  \0$aMagic$vFiction.
=650  \0$aDragons$vFiction.
=700  1\$aHickman, Tracy.
=800  1\$aWeis, Margaret.$tDragonLance saga, Lost chronicles ;$vv. 2.
=914  \\$a1015895

