=LDR  00763cam  2200265Ka 4500
=001  298873
=005  20160611213631.0
=008  070326t20072007nyu\\\\\\b\\\\000\1\eng\d
=020  \\$a9780451461520
=020  \\$a0451461525
=035  \\$a(OCoLC)ocm86175678 
=035  \\$a(OCoLC)86175678
=040  \\$aNOG$cNOG$dBAKER$dY#4$dUtOrBLW
=100  1\$aChance, Karen.
=245  10$aClaimed by shadow /$cKaren Chance.
=260  \\$aNew York :$bRoc,$c[2007], {copy}2007.
=300  \\$a384 pages ;$c18 cm
=336  \\$atext$btxt$2rdacontent
=337  \\$aunmediated$bn$2rdamedia
=338  \\$avolume$bnc$2rdacarrier
=650  \0$aFantasy fiction, American.
=650  \0$aVampires$vFiction.
=655  \7$aFantasy fiction.$2gsafd
=655  \7$aScience fiction.$2gsafd
=914  \\$a1015943

