=LDR  02176cam  2200589Ia 4500
=001  299138
=005  20161130160803.0
=008  070109t20072005waub\\\\\\\\\\000\1\eng\d
=015  \\$aGBA791698$2bnb
=016  7\$a013814363$2Uk
=020  \\$a9780786942466
=020  \\$a0786942460
=020  \\$a9780786942466$c{dollar}    7.99
=020  \\$a0786942460$c{dollar}    7.99
=020  \\$a9780786942466$c{dollar}7.99
=020  \\$a0786942460$c{dollar}7.99
=035  \\$a(OCoLC)ocm77561695 
=035  \\$a(OCoLC)77561695
=040  \\$aKRL$cKRL$dBAKER$dBTCTA$dLEO$dUKM$dCVA$dCRU$dCKL$dXY4$dYDXCP$dBDX$dOCLCO$dUtOrBLW
=049  \\$aE9GA
=050  14$aPS3569.A4846$bC78 2007
=082  04$a813.54$222
=100  1\$aSalvatore, R. A.,$d1959-
=245  14$aThe crystal shard /$cR.A. Salvatore.
=260  \\$aRenton, WA :$bWizards of the coast,$c2007, {copy}2005.
=300  \\$a344 pages :$bmap ;$c18 cm.
=336  \\$atext$btxt$2rdacontent
=337  \\$aunmediated$bn$2rdamedia
=338  \\$avolume$bnc$2rdacarrier
=490  1\$aLegend of Drizzt ;$vbk. 04
=490  1\$aForgotten realms. Legend of Drizzt ;$vbk. 04
=520  \\$aDrizzt Do'Urden, a dark elf, and his allies--Wulfgar, a barbarian warrior, and Bruenor, a dwarf--try to unite the people of Ten-Towns to face the dangerous magic of the crystal shard.
=650  \0$aForgotten realms (Imaginary place)$vFiction.
=650  \0$aDo'Urden, Drizzt (Fictitious character)$vFiction.
=650  \0$aEpic fiction.
=650  \0$aEntrei, Artemis (Fictitious character)$vFiction.
=655  \7$aFantasy fiction.$2gsafd
=800  1\$aSalvatore, R. A.,$d1959-$tLegend of Drizzt;$vbk. 04.
=830  \0$aForgotten realms. Legend of Drizzt ;$vbk. 04.
=914  \\$a1016607
=994  \\$aC0$bE9G
=029  1\$aNZ1$b11599777
=029  1\$aAU@$b000042388620
=029  1\$aUNITY$b109147057
=029  1\$aUKNYK$b0786942460
=029  1\$aCBK$b0786942460
=029  1\$aESSEX$b0786942460
=029  1\$aAU@$b000050103186
=938  \\$aBaker & Taylor$bBKTY$c7.99$d6.39$i0786942460$n0006845942$sactive
=938  \\$aBaker and Taylor$bBTCP$nbl2007000798
=938  \\$aYBP Library Services$bYANK$n3889482
=938  \\$aBrodart$bBROD$n05601835$c{dollar}7.99

