=LDR  01526nam  2200469 a 4500
=001  299148
=005  20160611213647.0
=008  051116t20052005wau\\\\\\\\\\\000\f\eng\c
=010  \\$a  2004116929
=015  \\$aGBA729482$2bnb
=016  7\$a013420019$2Uk
=020  \\$a0786937629 (hbk.)
=020  \\$a9780786937622 (hbk.)
=020  \\$a9780786942657 (pbk)
=035  \\$a(OCoLC)ocm61105524 
=040  \\$aUBY$cUBY$dTLM$dBAKER$dFVC$dBTCTA$dUKM$dUtOrBLW
=042  \\$apcc
=049  \\$aZPJA
=050  \4$aPS3569.A462345$bS77 2005
=082  04$a813.54$222
=082  14$aFic
=100  1\$aSalvatore, R. A.,$d1959-
=245  10$aStreams of silver.
=260  \\$aRenton, WA :$bWizards of the Coast,$c[2005], {copy}2005.
=300  \\$a337 pages ;$c25 cm.
=336  \\$atext$btxt$2rdacontent
=337  \\$aunmediated$bn$2rdamedia
=338  \\$avolume$bnc$2rdacarrier
=490  1\$aLegend of Drizzt ;$vbk. 5
=500  \\$a"Forgotten realms" logo on title page and dust jacket.
=500  \\$a"First hardcover printing : July 2005"--T.p. verso.
=500  \\$a"Originally published as Book Two of the Icewind Dale Trilogy in January 1989."--T.p. verso.
=500  \\$aIntroduction by Eric Severson.
=650  \0$aElves$vFiction.
=650  \0$aDwarfs$vFiction.
=650  \0$aGolem$vFiction.
=650  \0$aWizards$vFiction.
=650  \0$aThieves$vFiction.
=655  \7$aFantasy fiction.$2gsafd
=655  \0$aFantasy fiction, American.
=800  1\$aSalvatore, R. A.,$d1959-$tLegend of Drizzt;$vbk. 5.
=914  \\$a1016647

