=LDR  01098nam  22003494a 4500
=001  301040
=005  20160611213834.0
=008  070123t20072007nyu\\\\\\\\\\\000\1\eng\\
=010  \\$a  2007002756
=020  \\$a9780345477408 (acid-free paper)
=020  \\$a0345477405 (acid-free paper)
=035  \\$a(OCoLC)ocm80020150 
=035  \\$a(OCoLC)80020150
=040  \\$aDLC$cDLC$dYDX$dBAKER$dBTCTA$dWIQ$dMTHPL$dUtOrBLW
=049  \\$aMAIN
=050  00$aPR6120.R38$bS73 2007
=082  00$a823/.92$222
=100  1\$aTraviss, Karen.
=245  10$aSacrifice /$cKaren Traviss.
=250  \\$a1st ed.
=260  \\$aNew York :$bDel Rey :$bLucasBooks,$c[2007], {copy}2007.
=300  \\$axv, 367 pages ;$c25 cm.
=336  \\$atext$btxt$2rdacontent
=337  \\$aunmediated$bn$2rdamedia
=338  \\$avolume$bnc$2rdacarrier
=490  1\$aStar Wars legacy of the force
=650  \0$aImaginary wars and battles$vFiction.
=650  \0$aSolo, Jacen (Fictitious character)$vFiction.
=655  \0$aStar wars fiction.
=655  \7$aScience fiction.$2gsafd
=830  \0$aStar Wars legacy of the force.
=914  \\$a1020605

