=LDR  01114cam  22003494a 4500
=001  301224
=005  20160612051134.0
=008  070410t20072007nyub\\\\\\\\\\000\1\eng\\
=010  \\$a  2007015127
=020  \\$a9780345484116 (alk. paper)
=020  \\$a0345484118 (alk. paper)
=035  \\$a(OCoLC)ocn123029789
=035  \\$a(OCoLC)123029789
=040  \\$aDLC$cDLC$dBAKER$dBTCTA$dWIQ$dYDXCP$dC#P$dIXA$dVP@$dUtOrBLW
=049  \\$aOEKA
=050  00$aPS3552.R6596$bE48 2007
=082  00$a813/.54$222
=100  1\$aBrooks, Terry.
=245  14$aThe elves of Cintra /$cTerry Brooks.
=260  \\$aNew York :$bDel Rey,$c[2007], {copy}2007.
=300  \\$a379 pages :$bmap ;$c25 cm.
=336  \\$atext$btxt$2rdacontent
=337  \\$aunmediated$bn$2rdamedia
=338  \\$avolume$bnc$2rdacarrier
=490  1\$aGenesis of Shannara ;$v[2nd v.]
=526  \\$aAccelerated Reader$bUG$c6.0$d22$e22$z119215
=650  \0$aShannara (Imaginary place)$vFiction.
=650  \0$aElves$vFiction.
=655  \7$aFantasy fiction.$2gsafd
=800  1\$aBrooks, Terry.$tGenesis of Shannara ;$v[2nd v.].
=914  \\$a1020917
=994  \\$aC0$bOEK

