=LDR  01326cam  22003498a 4500
=001  301237
=005  20170108014541.0
=008  070822t20072007nyu\\\\\\\\\\\000\1\eng\\
=010  \\$a  2007035054
=020  \\$a9780765315236
=020  \\$a0765315238
=020  \\$a9780765354303 (pbk)
=035  \\$a(OCoLC)ocn153578184
=040  \\$aDLC$cDLC$dYDXCP$dBTCTA$dBAKER$dUtOrBLW
=049  \\$aZPJA
=050  00$aPS3557.O5826$bC66 2007
=082  00$a813/.54$222
=100  1\$aGoodkind, Terry.
=245  10$aConfessor /$cTerry Goodkind.
=250  \\$a1st ed.
=260  \\$aNew York :$bTor,$c[2007], {copy}2007.
=300  \\$a603 pages ;$c24 cm
=336  \\$atext$btxt$2rdacontent
=337  \\$aunmediated$bn$2rdamedia
=338  \\$avolume$bnc$2rdacarrier
=500  \\$a"A Tom Doherty Associates Book."
=520  \\$aDescending into darkness, about to be overwhelmed by evil, those people still free are powerless to stop the coming dawn of a savage new world, while Richard faces the guilt of knowing that he must let it happen. Alone, he must bear the weight of a sin he dare not confess to the one person he loves and has lost.
=650  \0$aRahl, Richard (Fictitious character)$vFiction.
=650  \0$aWizards$vFiction.
=655  \7$aFantasy fiction.$2gsafd
=800  1\$aGoodkind, Terry.$tSword of truth;$v11.
=914  \\$a1020933

