=LDR  01776cam  22003618a 4500
=001  301254
=005  20160611213846.0
=008  070307s2007\\\\nyub\\\\\\\\\\000\1\eng\\
=010  \\$a  2007010000
=020  \\$a9780451461704
=020  \\$a0451461703
=035  \\$a(OCoLC)ocm85822742 
=040  \\$aDLC$cDLC$dBAKER$dBTCTA$dKLC$dUtOrBLW
=043  \\$an-us-or
=049  \\$aZPJA
=050  00$aPS3569.T543$bS86 2007
=082  00$a813/.54$222
=100  1\$aStirling, S. M.
=245  14$aThe sunrise lands /$cS. M. Stirling.
=260  \\$aNew York :$bROC,$c2007.
=263  \\$a0709
=300  \\$aviii, 453 pages :$bmap ;$c24 cm
=336  \\$atext$btxt$2rdacontent
=337  \\$aunmediated$bn$2rdamedia
=338  \\$avolume$bnc$2rdacarrier
=520  \\$aA generation has passed since The Change that rendered technology inoperable around the world, and western Oregon has finally achieved a degree of peace. But a new threat has risen in Paradise Valley, Wyoming. A man known as The Prophet presides over the Church Universal and Triumphant, teaching his followers to continue God's work by destroying the remnants of technological civilization they encounter-and those who dare use them. Rudi Mackenzie, son and heir of the mystic Juniper, must journey with seven friends across a continent in chaos to the Sunrise Lands to solve the riddle of what destroyed a civilization. And as the friends journey farther into the interior, enemies may be within their own band as well as outside it.
=650  \0$aCults$vFiction.
=650  \0$aRegression (Civilization)$vFiction.
=651  \0$aWillamette River Valley (Or.)$vFiction.
=651  \0$aOregon$vFiction.
=655  \7$aScience fiction.$2gsafd
=800  1\$aStirling, S. M.$tNovels of the Change;$vbk. 1.
=914  \\$a1020955

