=LDR  01081cam  2200349Ka 4500
=001  301560
=005  20160611213904.0
=008  060426t20062005ua\\\\\\\\\\\\000\1\eng\\
=020  \\$a045146091X (pbk.) :$c{dollar}7.99
=020  \\$a9780451460912 (pbk.)
=035  \\$a(OCoLC)ocm67710464 
=035  \\$a(OCoLC)67710464
=040  \\$aFIR$cFIR$dBAKER$dCG4$dIHE$dOCLCQ$dE9G$dUtOrBLW
=043  \\$an-us-il
=049  \\$aE9GA
=082  04$a813.6$222
=090  \\$aF$bBut
=100  1\$aButcher, Jim,$d1971-
=245  10$aDead beat :$ba novel of the Dresden files /$cJim Butcher.
=260  \\$aNew York :$bPenguin,$c2006, {copy}2005.
=300  \\$a435 pages ;$c18 cm.
=336  \\$atext$btxt$2rdacontent
=337  \\$aunmediated$bn$2rdamedia
=338  \\$avolume$bnc$2rdacarrier
=490  1\$aDresden files ;$v7
=650  \0$aDresden, Harry (Fictitious character)$vFiction.
=650  \0$aWizards$vFiction.
=650  \0$aMagic$vFiction.
=651  \0$aChicago (Ill.)$vFiction.
=655  \7$aFantasy fiction.$2gsafd$2gsafd
=800  1\$aButcher, Jim,$d1971-$tDresden files;$v7.
=914  \\$a1021632

