=LDR  01118cam  2200349Ia 4500
=001  303775
=005  20160611214109.0
=008  070813t20072007wau\\\\\\\\\\\000\1\eng\d
=019  \\$a148796490
=020  \\$a0786943408
=020  \\$a9780786943401
=035  \\$a(OCoLC)ocn163914513
=040  \\$aUPZ$cUPZ$dBAKER$dBTCTA$dWIQ$dZGG$dUtOrBLW
=049  \\$aZPJA
=050  \4$aPS3569.A462345$bOr 2007
=082  04$a813/.54$222
=100  1\$aSalvatore, R. A.,$d1959-
=245  14$aThe orc king /$cR.A. Salvatore.
=260  \\$aRenton, WA :$bWizards of the Coast,$c[2007], {copy}2007.
=300  \\$a346 pages ;$c24 cm.
=336  \\$atext$btxt$2rdacontent
=337  \\$aunmediated$bn$2rdamedia
=338  \\$avolume$bnc$2rdacarrier
=490  1\$aTransitions ;$vbk. 1
=500  \\$a"Forgotten realms."
=650  \0$aForgotten realms (Imaginary place)$vFiction.
=650  \0$aDwarfs$vFiction.
=650  \0$aImaginary wars and battles$vFiction.
=650  \0$aDrizzt Do'Urden (Fictitious character)$vFiction.
=655  \7$aFantasy fiction.$2gsafd
=830  \0$aTransitions (Palgrave Macmillan (Firm)) ;$vbk. 1.
=914  \\$a1026585

