=LDR  00990cam  2200337Ia 4500
=001  305101
=005  20160611214223.0
=008  020313r20022001nyub\\\\\\\\\\000\1\eng\d
=020  \\$a0765342987 :$c{dollar}7.99
=020  \\$a9780765342980
=035  \\$a(OCoLC)ocm49304068 
=035  \\$a(OCoLC)49304068
=040  \\$aBKL$cBKL$dBAKER$dUtOrBLW
=049  \\$aZPPA
=050  \4$aPS3603.A74$bK8 2002
=082  04$a813.54
=100  1\$aCarey, Jacqueline,$d1964-
=245  10$aKushiel's dart /$cJacqueline Carey.
=250  \\$a1st mass-market ed.
=260  \\$aNew York, NY :$bTor,$c2002.
=300  \\$a912 pages :$bmap ;$c18 cm
=336  \\$atext$btxt$2rdacontent
=337  \\$aunmediated$bn$2rdamedia
=338  \\$avolume$bnc$2rdacarrier
=500  \\$a"A Tom Doherty Associates book."
=650  \0$aCourts and courtiers$vFiction.
=650  \0$aIndentured servants$vFiction.
=650  \0$aWomen household employees$vFiction.
=650  \0$aFantasy fiction.
=914  \\$a1029825
=994  \\$aC0$bZPP

