=LDR  01366cam  2200397Ia 4500
=001  307600
=005  20170306121437.0
=008  070131r20061992nyu\\\\\\\\\\\000\1\eng\d
=020  \\$a0307279901 (pbk.)
=020  \\$a9780307279903 (pbk.)
=020  \\$a9780307275431 : PAP$c15.95
=020  \\$a0307275434 : PAP$c15.95
=035  \\$a(OCoLC)ocm80954903 
=035  \\$a(OCoLC)80954903
=035  \\$a716155
=035  \\$a48182
=040  \\$aUUC$cUUC$dBAKER$dBTCTA$dYDXCP$dXY4$dUtOrBLW
=049  \\$aZPPA
=082  04$a823/.914$222
=100  1\$aJames, P. D.
=245  14$aThe children of men /$cP.D. James.
=250  \\$a1st Vintage Books ed.
=260  \\$aNew York :$bVintage Books,$c2006, {copy}1992.
=300  \\$a241 pages ;$c21 cm
=336  \\$atext$btxt$2rdacontent
=337  \\$aunmediated$bn$2rdamedia
=338  \\$avolume$bnc$2rdacarrier
=500  \\$aOriginally published: London : Faber, 1992.
=520  \\$aIn 2021, with the human race becoming extinct because of the infertility of all males, Oxford historian Theodore Faron is drawn into the schemes of an unlikely group of revolutionaries out to save society.
=650  \0$aEnd of the world$vFiction.
=650  \0$aTwenty-first century$vFiction.
=650  \0$aInfertility, Male$vFiction.
=655  \7$aScience fiction.$2gsafd
=914  \\$a1036095
=994  \\$aC0$bZPP
=029  1\$aYDXCP$b2494442

