=LDR  01334cam  2200349Ka 4500
=001  307940
=005  20160612051540.0
=008  070622t20062006tnub\\\\\\\\\\000\1\eng\\
=020  \\$a9781595540881
=020  \\$a1595540881
=035  \\$a(OCoLC)ocn145147794
=035  \\$a(OCoLC)145147794$z(OCoLC)148704751
=040  \\$aONW$cONW$dBTCTA$dBAKER$dUtOrBLW
=049  \\$aOEKA
=100  1\$aLawhead, Stephen R.,$d1950-
=245  10$aHood /$cStephen R. Lawhead.
=260  \\$aNashville, Tenn. :$bThomas Nelson,$c[2006], {copy}2006.
=300  \\$a489 pages :$bmap ;$c22 cm.
=336  \\$atext$btxt$2rdacontent
=337  \\$aunmediated$bn$2rdamedia
=338  \\$avolume$bnc$2rdacarrier
=490  1\$aThe King Raven trilogy ;$vbk. 1
=526  \\$aAccelerated Reader$bUG$c7.0$d22$e22$z167050
=650  \0$aNormans$zWales$xHistory$vFiction.
=600  \0$aRobin Hood$c(Legendary character)$vFiction.
=651  \0$aWales$xHistory$y1063-1284$vFiction.
=651  \0$aGreat Britain$xHistory$yNorman period, 1066-1154$vFiction.
=655  \7$aFantasy fiction.$2gsafd
=856  42$3Publisher description$uhttp://www.loc.gov/catdir/enhancements/fy0659/2006014183-d.html
=856  41$3Sample text$uhttp://www.loc.gov/catdir/enhancements/fy0664/2006014183-s.html
=800  1\$aLawhead, Stephen R.,$d1950-$tKing Raven trilogy ;$vbk. 1.
=914  \\$a1036814

