=LDR  01836nam  2200481 a 4500
=001  308362
=005  20160612051554.0
=008  951205s1996\\\\nyu\\\\\\\\\\\000\1\eng\\
=010  \\$a   95052321 
=020  \\$a0345396529
=020  \\$a9780345396525
=020  \\$a0345401905
=020  \\$a9780345401908
=029  1\$aYDXCP$b302196
=029  1\$aNZ1$b4604668
=035  \\$a(OCoLC)ocm33897746 
=035  \\$a(OCoLC)33897746
=040  \\$aDLC$cDLC$dCSP$dCBL$dFIT$dXY4$dBAKER$dBTCTA$dYDXCP$dE9G$dUtOrBLW
=049  \\$aE9GA
=050  00$aPS3552.R6596$bF57 1996
=082  00$a813/.54$220
=100  1\$aBrooks, Terry.
=245  10$aFirst king of Shannara /$cTerry Brooks.
=250  \\$a1st ed.
=260  \\$aNew York :$bBallantine Books,$c1996.
=300  \\$a489 pages ;$c24 cm
=336  \\$atext$btxt$2rdacontent
=337  \\$aunmediated$bn$2rdamedia
=338  \\$avolume$bnc$2rdacarrier
=500  \\$a"A Del Rey book."
=520  \\$aIn the fantasy country of Four Lands, good battles evil amid gnomes, warlocks, trolls, dwarfs and elves. The hero is a Druid magician who must find a magic jewel so the elves can defeat the warlocks.
=521  8\$a910L$bLexile
=526  \\$aAccelerated Reader$bUG$c6.9$d30$e30$z28469
=650  \0$aShannara (Imaginary place)$vFiction.
=655  \7$aFantasy fiction.$2gsafd
=856  42$3Contributor biographical information$uhttp://www.loc.gov/catdir/bios/random057/95052321.html
=856  42$3Publisher description$uhttp://www.loc.gov/catdir/description/random0412/95052321.html
=914  \\$a1037813
=938  \\$aBaker & Taylor$bBKTY$c23.50$d17.63$i0345396529$n0002756564$sactive
=938  \\$aBaker & Taylor$bBKTY$c12.95$d9.71$i0345401905$n0002756550$sactive
=938  \\$aBaker and Taylor$bBTCP$n95052321
=938  \\$aYBP Library Services$bYANK$n302196
=994  \\$aC0$bE9G

