=LDR  01806nam  2200529 a 4500
=001  308645
=005  20170108014542.0
=008  061030s2006\\\\nyu\\\\\\\\\\\000\1\eng\c
=020  \\$a0765317389
=020  \\$a9780765317384
=020  \\$a9780765317384$c{dollar}   19.99
=020  \\$a0765317389$c{dollar}   19.99
=035  \\$a(OCoLC)ocm74652009 
=035  \\$a(OCoLC)74652009
=040  \\$aRNL$cRNL$dBAKER$dTXH$dUBY$dBTCTA$dH{dollar}Y$dUtOrBLW
=042  \\$apcc
=049  \\$aH{dollar}YA
=050  \4$aPS3553.A655$bE5 2006b
=100  1\$aCard, Orson Scott.
=245  10$aEnder's game /$cOrson Scott Card.
=250  \\$a1st ed.
=260  \\$aNew York :$bTor,$c2006.
=300  \\$axxi, 226 pages ;$c25 cm
=336  \\$atext$btxt$2rdacontent
=337  \\$aunmediated$bn$2rdamedia
=338  \\$avolume$bnc$2rdacarrier
=500  \\$aSequel: Speaker for the dead.
=500  \\$a"A Tom Doherty Associates book."
=520  \\$aChild hero Ender Wiggin must fight a desperate battle against a deadly alien race if mankind is to survive.
=521  8\$a780L$bLexile
=526  \\$aAccelerated Reader$bUG$c5.5$d16$e16$z28441
=586  \\$aHugo Award, 1986.
=586  \\$aHamilton-Brackett Award, 1986.
=586  \\$aSF Chronicle Readers Poll Award, 1986.
=586  \\$aNebula Award, 1985.
=600  10$aWiggin, Peter$c(Fictitious character)$vFiction.
=600  10$aWiggin, Ender$c(Fictitious character)$vFiction.
=650  \0$aBrothers and sisters$vJuvenile fiction.
=650  \0$aGenetic engineering$vFiction.
=650  \0$aWar games$vFiction.
=650  \0$aSpace warfare$vFiction.
=650  \0$aChild soldiers$vFiction.
=650  \0$aSpace ships$vFiction.
=650  \0$aSpace colonies$vFiction.
=655  \7$aScience fiction.$2gsafd
=800  1\$aCard, Orson Scott.$tEnder Wiggin ;$vv. 1.
=914  \\$a1038476

