=LDR  01199cam  22003974a 4500
=001  309082
=005  20160611214610.0
=008  070108s2007\\\\nyub\\\\\\\\\\000\1\eng\\
=010  \\$a  2007060366
=020  \\$a9780765313416
=020  \\$a0765313413 :$c{dollar}24.95
=029  1\$aNZ1$b11209619
=035  \\$a(OCoLC)ocm78792006 
=035  \\$a(OCoLC)78792006
=040  \\$aDLC$cDLC$dBTCTA$dBAKER$dC#P$dGRC$dLF8$dYDXCP$dUtOrBLW
=049  \\$aZPPA
=050  00$aPS3601.B677$bB48 2007
=082  00$a813/.6$222
=100  1\$aAbraham, Daniel.
=245  12$aA betrayal in winter /$cDaniel Abraham.
=250  \\$a1st ed.
=260  \\$aNew York :$bTor,$c2007.
=300  \\$a317 pages :$bmaps ;$c25 cm.
=336  \\$atext$btxt$2rdacontent
=337  \\$aunmediated$bn$2rdamedia
=338  \\$avolume$bnc$2rdacarrier
=490  1\$aLong price quartet : ;$vbk. 2
=500  \\$a"A Tom Doherty Associates book."
=650  \0$aNobility$vFiction.
=650  \0$aKings and rulers$xSuccession.
=650  \0$aMurder$vFiction.
=650  \0$aMagic$vFiction.
=655  \7$aFantasy fiction.$2gsafd
=655  \7$aSuspense fiction.$2gsafd
=800  1\$aAbraham, Daniel.$tLong price quartet;$vbk. 2.
=914  \\$a1039380

