=LDR  00790cam  2200253Ia 4500
=001  309384
=005  20160611214627.0
=008  061128s2007\\\\nyu\\\\\\\\\\\000\f\eng\d
=020  \\$a9780451461636 (pbk.) :$c{dollar}6.99
=020  \\$a0451461630
=035  \\$a(OCoLC)ocn148716898
=035  \\$a(OCoLC)148716898
=040  \\$aBTCTA$cBTCTA$dOCO$dBAKER$dOCLCQ$dY#4$dUtOrBLW
=100  1\$aCaine, Rachel.
=245  10$aThin air /$cRachel Caine.
=260  \\$aNew York, N.Y. :$bRoc/New American Library,$c2007.
=300  \\$a320 pages ;$c18 cm.
=336  \\$atext$btxt$2rdacontent
=337  \\$aunmediated$bn$2rdamedia
=338  \\$avolume$bnc$2rdacarrier
=490  1\$aWeather warden series ;$vbk. 06
=500  \\$a"A Roc book."
=800  1\$aCaine, Rachel.$tWeather warden series;$vbk. 06.
=914  \\$a1039979

