=LDR  01028cam  22003614a 4500
=001  309756
=005  20160611214648.0
=008  070212s2007\\\\nyu\\\\\\\\\\\000\1\eng\\
=010  \\$a  2007006144
=020  \\$a9780765309396
=020  \\$a0765309394
=035  \\$a(OCoLC)ocm83977491 
=035  \\$a(OCoLC)83977491
=040  \\$aDLC$cDLC$dBAKER$dBTCTA$dC#P$dUtOrBLW
=049  \\$aZPPA
=050  00$aPR9199.3.W4987$bA97 2007
=082  00$a813/.54$222
=100  1\$aWilson, Robert Charles,$d1953-
=245  10$aAxis /$cRobert Charles Wilson.
=250  \\$a1st ed.
=260  \\$aNew York :$bTor,$c2007.
=300  \\$a303 pages ;$c25 cm
=336  \\$atext$btxt$2rdacontent
=337  \\$aunmediated$bn$2rdamedia
=338  \\$avolume$bnc$2rdacarrier
=500  \\$a"A Tom Doherty Associates book."
=500  \\$aSequel to: Spin.
=650  \0$aHuman-alien encounters$vFiction.
=650  \0$aEnd of the world$vFiction.
=650  \0$aCults$vFiction.
=655  \7$aFantasy fiction.$2gsafd
=914  \\$a1040862
=994  \\$aC0$bZPP

