=LDR  02389cam  2200493 a 4500
=001  310826
=005  20160612051727.0
=008  040116s2004\\\\wau\\\\\\\\\\\000\1\eng\\
=010  \\$a  2004100683
=019  \\$a55667361$a55669387$a731239581
=020  \\$a0786931264
=020  \\$a9780786931262
=029  1\$aAU@$b000025914870
=029  1\$aAU@$b000027174223
=035  \\$a(OCoLC)ocm60414582 
=035  \\$a(OCoLC)60414582$z(OCoLC)55667361$z(OCoLC)55669387$z(OCoLC)731239581
=040  \\$aDLC$beng$cDLC$dBAKER$dBTCTA$dXY4$dOCLCG$dO2H$dOCLCQ$dOCLCO$dOCLCF$dOCLCO$dOCLCQ$dUtOrBLW
=049  \\$aOEKA
=050  00$aPS3569.A462345$bE97 2004
=082  00$a813/.6$222
=100  1\$aSalvatore, R. A.,$d1959-
=245  10$aExile /$cR.A. Salvatore.
=260  \\$aRenton, WA :$bWizards of the Coast ;$a[New York] :$bDistributed in the United States by Holtzbrinck Pub.,$c2004.
=300  \\$a333 pages ;$c24 cm.
=336  \\$atext$btxt$2rdacontent
=337  \\$aunmediated$bn$2rdamedia
=338  \\$avolume$bnc$2rdacarrier
=490  1\$aThe legend of Drizzt ;$vbk. II
=500  \\$a"Forgotten realms."
=520  \\$aThis stunning new release of the classic R.A. Salvatore novel continues the tale of the origins of Salvatore's signature dark elf character Drizzt Do'Urden and is the first-ever release of this Forgotten Realms novel title in hardcover. Each title in The Legend of Drizzt series showcases the classic dark elf novels in new, deluxe hardcover editions. Each title will feature annotations by the author, all new cover art, and forewords written by those who have become familiar with Salvatore and Drizzt over the years.
=521  8\$a1010L$bLexile
=650  \0$aForgotten realms (Imaginary place)$vFiction.
=650  \0$aDrizzt Do'Urden (Fictitious character)$vFiction.
=650  \1$aEpic fiction.
=650  \0$aWizards$vJuvenile fiction.
=655  \7$aFantasy.$2gsafd
=655  \7$aFantasy fiction.$2gsafd
=800  1\$aSalvatore, R. A.,$d1959-$tLegend of Drizzt;$vbk. 2.
=856  42$3Contributor biographical information$uhttp://catdir.loc.gov/catdir/bios/hol055/2004100683.html
=856  42$3Publisher description$uhttp://catdir.loc.gov/catdir/description/hol054/2004100683.html
=914  \\$a1043483
=938  \\$aBaker & Taylor$bBKTY$c25.95$d19.46$i0786931264$n0004393235$sactive
=938  \\$aBaker and Taylor$bBTCP$n2004100683
=994  \\$aC0$bOEK

