=LDR  01336cam  2200385 a 4500
=001  310827
=005  20160611214750.0
=008  060809s2005\\\\wau\\\\\\\\\\\000\f\eng\c
=010  \\$a  2004116911
=020  \\$a9780786938254 (hbk.)
=020  \\$a0786938250 (hbk.)
=020  \\$a9780786942893 (pbk)
=035  \\$a(OCoLC)ocm70893937 
=035  \\$a(OCoLC)70893937
=040  \\$aUBY$cUBY$dBTCTA$dBAKER$dUtOrBLW
=042  \\$apcc
=049  \\$aOEKA
=050  \4$aPS3569.A462345$bH35 2005
=100  1\$aSalvatore, R. A.,$d1959-
=245  14$aThe halfling's gem /$cR.A. Salvatore.
=260  \\$aRenton, WA :$bWizards of the Coast ;$a[New York] :$bIn the United States distributed by Holzbrinck Publishing,$c2005.
=300  \\$a336 pages ;$c24 cm.
=336  \\$atext$btxt$2rdacontent
=337  \\$aunmediated$bn$2rdamedia
=338  \\$avolume$bnc$2rdacarrier
=490  1\$aLegend of Drizzt ;$vbk. 6
=500  \\$a"First hardcover printing: November 2005"--T.p. verso.
=500  \\$a"Forgotten realms" logo on title page and dust jacket.
=650  \0$aGood and evil$vFiction.
=650  \0$aAssassins$vFiction.
=650  \0$aFriendship$vFiction.
=650  \0$aForgotten realms (Imaginary place)$vFiction.
=655  \0$aFantasy fiction, American.
=800  1\$aSalvatore, R. A.,$d1959-$tLegend of Drizzt;$vbk. 6.
=914  \\$a1043484

