=LDR  01583cam  22003738a 4500
=001  310945
=005  20160611214757.0
=008  070718t20082008nyub\\\\\\\\\\000\1\eng\\
=010  \\$a  2007029817
=020  \\$a9780061373299 (acid-free paper)
=020  \\$a006137329X (acid-free paper)
=035  \\$a(OCoLC)ocn156816533
=040  \\$aDLC$cDLC$dBTCTA$dBAKER$dYDXCP$dUPZ$dJTE$dUtOrBLW
=049  \\$aZPJA
=050  00$aPS3563.A7239$bH86 2008
=082  00$a813/.54$222
=100  1\$aMartin, George R. R.
=245  10$aHunter's run /$cGeorge R.R. Martin, Gardner Dozois, and Daniel Abraham.
=250  \\$a1st ed.
=260  \\$aNew York :$bEos,$c[2008], {copy}2008.
=263  \\$a0801
=300  \\$a303 pages :$bmap ;$c24 cm
=336  \\$atext$btxt$2rdacontent
=337  \\$aunmediated$bn$2rdamedia
=338  \\$avolume$bnc$2rdacarrier
=520  \\$aPolice, fugitive aliens, and a human murderer weave a web of shifting alliances as Ram{acute}on, a luckless prospector, enters the greatest manhunt the alien world of S{tilde}ao Paulo has ever known. If he is to survive, Ram{acute}on must overcome inscrutable aliens and deadly predators, but his greatest enemy is himself. With every move in the desperate game, he struggles to outwit his enemies and solve the mystery of a murder he himself committed.--From publisher description.
=650  \0$aMurder$vFiction.
=650  \0$aHuman-alien encounters$vFiction.
=650  \0$aLife on other planets$vFiction.
=655  \7$aScience fiction.$2gsafd
=700  1\$aDozois, Gardner R.
=700  1\$aAbraham, Daniel.
=914  \\$a1043709
=994  \\$aC0$bZPJ

