=LDR  01298cam  22004098a 4500
=001  311068
=005  20160612051735.0
=008  070703s2007\\\\nyu\\\\\\b\\\\000\1\eng\\
=010  \\$a  2007027611
=019  \\$a153582169
=020  \\$a9780345480309 (acid-free paper)
=020  \\$a0345480309 (acid-free paper)
=020  \\$a9780345480316 (pbk)
=035  \\$a(OCoLC)ocn154309096
=035  \\$a(OCoLC)154309096$z(OCoLC)153582169
=040  \\$aDLC$cDLC$dBAKER$dYDXCP$dBTCTA$dUtOrBLW
=049  \\$aZPPA
=050  00$aPS3563.A255$bD73 2007
=082  00$a813/.54$222
=100  1\$aMcCaffrey, Anne.
=245  10$aDragon Harper /$cAnne McCaffrey & Todd McCaffrey.
=250  \\$a1st ed.
=260  \\$aNew York :$bDel Rey/Ballantine Books,$c2007.
=263  \\$a0712
=300  \\$axv, 298 pages ;$c25 cm
=336  \\$atext$btxt$2rdacontent
=337  \\$aunmediated$bn$2rdamedia
=338  \\$avolume$bnc$2rdacarrier
=526  \\$aAccelerated Reader$bUG$c5.4$d13$e13$z124210
=650  \0$aPern (Imaginary place)$vFiction.
=650  \0$aLife on other planets$vFiction.
=650  \0$aSpace colonies$vFiction.
=650  \0$aDragons$vFiction.
=655  \7$aScience fiction.$2gsafd
=700  1\$aMcCaffrey, Todd,$d1956-
=800  1\$aMcCaffrey, Anne.$tDragonriders of Pern;$v26.
=914  \\$a1043992

