=LDR  01244cam  22003858a 4500
=001  311104
=005  20160611214806.0
=008  071010s2008\\\\nyu\\\\\\\\\\\000\1\eng\\
=010  \\$a  2007042112
=020  \\$a9780765317896 (alk. paper)
=020  \\$a0765317893 (alk. paper)
=035  \\$a(OCoLC)ocn154806796
=035  \\$a(OCoLC)154806796
=040  \\$aDLC$cDLC$dBTCTA$dBAKER$dYDXCP$dUPZ$dUtOrBLW
=049  \\$aZFRA
=050  00$aPS3569.A462345$bA85 2008
=082  00$a813/.54$222
=100  1\$aSalvatore, R. A.,$d1959-
=245  14$aThe ancient /$cR.A. Salvatore.
=250  \\$a1st ed.
=260  \\$aNew York :$bTor,$c2008.
=263  \\$a0803
=300  \\$a384 pages ;$c24 cm.
=336  \\$atext$btxt$2rdacontent
=337  \\$aunmediated$bn$2rdamedia
=338  \\$avolume$bnc$2rdacarrier
=490  1\$aSaga of the first king
=500  \\$a"A Tom Doherty Associates book."
=520  \\$aBransen Garibond is tricked into a desperate war against the brutal Samhaist, Ancient Badden.
=650  \0$aMagic$vFiction.
=650  \0$aImaginary wars and battles$vFiction.
=650  \0$aQuests (Expeditions)$vFiction.
=655  \7$aFantasy fiction.$2gsafd
=800  1\$aSalvatore, R. A.,$d1959-$tSaga of the first king.
=914  \\$a1044034

