=LDR  03509nam  2200433Ia 4500
=001  311227
=005  20160612051741.0
=008  060202r20062004nyu\\\\\\\\\\\000\1\eng\\
=020  \\$a0765341425 (pbk.)
=020  \\$a9780765341426 (pbk.)
=029  1\$aNZ1$b10947079
=035  \\$a(OCoLC)ocm63256568 
=035  \\$a(OCoLC)63256568
=040  \\$aZS3$cZS3$dBAKER$dBTCTA$dXY4$dH{dollar}Y$dUtOrBLW
=049  \\$aH{dollar}YA
=082  04$a813.54$222
=100  1\$aLackey, Mercedes.
=245  10$aTo light a candle /$cMercedes Lackey and James Mallory.
=250  \\$a1st mass market ed.
=260  \\$aNew York :$bTor Books,$c2006.
=300  \\$aviii, 856 pages ;$c18 cm.
=336  \\$atext$btxt$2rdacontent
=337  \\$aunmediated$bn$2rdamedia
=338  \\$avolume$bnc$2rdacarrier
=490  1\$aThe obsidian trilogy ;$vbk. 2
=500  \\$a"A Tom Doherty Associates book."
=520  \\$aIn The Outstretched Shadow, which was named by VOYA as Best Science Fiction, Fantasy, and Horror book for 2003, Mercedes Lackey and James Mallory introduced readers to a complex new fantasy world populated by humans, centaurs, elves, talking unicorns, and demons. The Golden City of the Bells, where only humans live, is ruled by the Mage Council, practitioners of High Magic---a powerful magic that is stable and reliable, though rigidly controlled and performed only by men. Outside the City's walls, humans and magical beings mix freely and call upon Wild Magic---a system sometimes erratic, always driven by desire and need, and performed by both men and women. Now, in To Light a Candle, the Demon Queen sends her forces against her human and elven enemies, sowing distraction and death. In the human City, the Queen's agents work to divide the Council and foment rebellion among the City's citizens. In the countryside, they target the most vulnerable and valuable---the young Elf Prince and the Wild Mages who might be the Demons' most dangerous enemies. To his own surprise, young Kellen, once the disappointing son of the great Mage who leads the City's Mage Council, has become a powerful Knight-Mage. Valued for his bravery and his skills as both wizard and warrior, Kellen joins the Elves' war councils. Yet he cannot convince the City of his birth that it is in terrible danger. Kellen's sister Idalia, a Wild Mage with great healing ability, has pledged her heart to Jermayan, a proud Elven warrior. Someday Idalia will pay a tragic Price for a world-saving work of Wild Magic, but until then, she will claim any joy life can offer her. Jermayan, who has learned much while fighting at Kellen's side and loving the human Idalia, finds that everything changes when he Bonds with a dragon while rescuing the Elf Prince and becomes the first Elven Mage in a thousand years. Furious at her enemies' success with the dragon, the Demon Queen attacks in force. Light struggles against Dark, like flickering candleflames buried deep in the shadow of Obsidian Mountain.
=526  \\$aAccelerated Reader$bUG$c6.7$d46$e46$z100057
=650  \0$aMagic$vJuvenile fiction.
=650  \0$aElves$vJuvenile fiction.
=650  \0$aFantasy fiction, American$vJuvenile literature.
=650  \0$aBildungsromans$vJuvenile literature.
=655  \7$aFantasy fiction.$2gsafd
=700  1\$aMallory, James.
=800  1\$aLackey, Mercedes.$tObsidian trilogy;$vbk. 2.
=914  \\$a1044286
=938  \\$aBaker & Taylor$bBKTY$c7.99$d6.39$i0765341425$n0006582840$sactive
=938  \\$aBaker and Taylor$bBTCP$nbl2006025839
=994  \\$aC0$bH{dollar}Y

