=LDR  01031cam  2200349Ia 4500
=001  312783
=005  20160612051837.0
=008  960213t19841984nyu\\\\\\\\\\\000\1\eng\d
=010  \\$a   83091272 
=020  \\$a0345335708
=020  \\$a9780345335708
=035  \\$a(OCoLC)ocm34181540 
=035  \\$a(OCoLC)34181540
=040  \\$aRCL$cRCL$dOCLCQ$dY#4$dUtOrBLW
=050  \4$aPS3555.D38$bC38 1984
=082  04$aFic
=100  1\$aEddings, David.
=245  10$aCastle of wizardry /$cDavid Eddings.
=260  \\$aNew York :$bBallantine Books,$c[1984], {copy}1984.
=300  \\$a375 pages :$bmaps ;$c18 cm.
=336  \\$atext$btxt$2rdacontent
=337  \\$aunmediated$bn$2rdamedia
=338  \\$avolume$bnc$2rdacarrier
=490  1\$aThe Belgariad ;$vbk. 4
=500  \\$a"A Del Rey book."
=521  8\$a850L$bLexile
=526  \\$aAccelerated Reader$bUG$c5.9$d19$e19$z60035
=650  \0$aMagic$vFiction.
=650  \0$aProphecy$vFiction.
=650  \0$aWizards$vFiction.
=800  1\$aEddings, David.$tBelgariad ;$vbk. 4.
=914  \\$a1047345

