=LDR  01887cam  2200493 a 4500
=001  312812
=005  20160612051838.0
=008  920608s1992\\\\nyu\\\\\\\\\\\000\1\eng\\
=010  \\$a   92001585 
=020  \\$a0312853238 (pbk. : acid-free paper)
=020  \\$a9780312853235 (pbk. : acid-free paper)
=020  \\$a0312932081 (hc : acid-free paper)
=020  \\$a9780312932084 (hc : acid-free paper)
=035  \\$a(OCoLC)ocm26129532 
=035  \\$a(OCoLC)26129532
=040  \\$aDLC$cDLC$dSVP$dBAKER$dBTCTA$dYDXCP$dY#4$dUtOrBLW
=050  00$aPS3553.A655$bE5 1992
=082  00$a813/.54$220
=100  1\$aCard, Orson Scott.
=245  10$aEnder's game /$cOrson Scott Card.
=250  \\$aRev. trade pbk. ed., Author's definitive ed.
=260  \\$aNew York :$bTor,$c1992.
=300  \\$axxi, 226 pages ;$c24 cm
=336  \\$atext$btxt$2rdacontent
=337  \\$aunmediated$bn$2rdamedia
=338  \\$avolume$bnc$2rdacarrier
=500  \\$a"A Tom Doherty Associates book."
=521  8\$a780L$bLexile
=526  \\$aAccelerated Reader$bUG$c5.5$d16$e16$z28441
=600  10$aWiggin, Peter$c(Fictitious character)$vFiction.
=600  10$aWiggin, Ender$c(Fictitious character)$vFiction.
=650  \0$aBrothers and sisters$vJuvenile fiction.
=650  \0$aGenetic engineering$vFiction.
=650  \0$aWar games$vFiction.
=650  \0$aSpace warfare$vFiction.
=650  \0$aChild soldiers$vFiction.
=650  \0$aSpace ships$vFiction.
=650  \0$aSpace colonies$vFiction.
=655  \7$aScience fiction.$2gsafd
=800  1\$aCard, Orson Scott.$tEnder Wiggin ;$vv. 1.
=856  42$3Contributor biographical information$uhttp://www.loc.gov/catdir/bios/hol055/92001585.html
=856  42$3Publisher description$uhttp://www.loc.gov/catdir/description/hol054/92001585.html
=856  41$3Sample text$uhttp://www.loc.gov/catdir/enhancements/fy0707/92001585-s.html
=914  \\$a1047394

