=LDR  01573cam  22003618a 4500
=001  314814
=005  20160611215135.0
=008  071113s2008\\\\nyu\\\\\\\\\\\000\1\eng\\
=010  \\$a  2007046581
=020  \\$a9780441015634
=020  \\$a0441015638
=035  \\$a(OCoLC)ocn166360115
=040  \\$aDLC$cDLC$dBTCTA$dBAKER$dUPZ$dLIQ$dUtOrBLW
=043  \\$azma----
=049  \\$aZPJA
=050  00$aPS3572.A724$bR65 2008
=082  00$a813/.54$222
=100  1\$aVarley, John,$d1947 August 9-
=245  10$aRolling thunder /$cJohn Varley.
=250  \\$a1st ed.
=260  \\$aNew York :$bAce Books,$c2008.
=263  \\$a0803
=300  \\$a344 pages ;$c24 cm
=336  \\$atext$btxt$2rdacontent
=337  \\$aunmediated$bn$2rdamedia
=338  \\$avolume$bnc$2rdacarrier
=520  \\$aLieutenant Patricia Kelly Elizabeth Strickland--otherwise known as Podkayne--is a third-generation Martian. Her grandfather, Manny, was one of the first men to set foot on Mars. So Poddy has some planet-sized shoes to fill. That's why she's joined the Music, Arts, and Drama Division of the Martian Navy. Though some may say her voice is a weapon in itself, Poddy passed the audition. And now she's going to Europa, one of Jupiter's many moons, to be an entertainer. But she's about to learn that there's plenty of danger to go around in the Martian Navy, even if you've just signed on to sing.
=650  \0$aYoung women$vFiction.
=650  \0$aSpace colonies$vFiction.
=651  \0$aMars (Planet)$vFiction.
=655  \7$aScience fiction.$2gsafd
=914  \\$a1051328
=994  \\$aC0$bZPJ

