=LDR  01641cam  22004454a 4500
=001  316303
=005  20160612052046.0
=008  070822s2008\\\\nyu\\\\\\\\\\\000\1\eng\\
=010  \\$a  2007035053
=020  \\$a9780765317810
=020  \\$a0765317818
=035  \\$a(OCoLC)ocn156818844
=035  \\$a(OCoLC)156818844
=040  \\$aDLC$cDLC$dBTCTA$dBAKER$dYDXCP$dC#P$dZRK$dUtOrBLW
=049  \\$aZRKA
=050  00$aPS648.S3$bI57 2008
=082  00$a813/.0876208$222
=245  00$aInside straight /$cedited by George R.R. Martin ; assisted by Melinda M. Snodgrass ; and written by Daniel Abraham [and others].
=250  \\$a1st ed.
=260  \\$aNew York :$bTor,$c2008.
=300  \\$a384 pages ;$c25 cm.
=336  \\$atext$btxt$2rdacontent
=337  \\$aunmediated$bn$2rdamedia
=338  \\$avolume$bnc$2rdacarrier
=490  1\$aThe wild cards series
=500  \\$a"A Tom Doherty Associates book."
=500  \\$a"A Sci Fi essentials book"--Jacket.
=526  \\$aAccelerated Reader$bUG$c5.2$d20$e20$z122287
=650  \0$aScience fiction, American.
=700  1\$aMartin, George R. R.
=700  1\$aSnodgrass, Melinda M.,$d1951-
=700  1\$aAbraham, Daniel.
=830  \0$aWild cards.
=856  42$3Contributor biographical information$uhttp://www.loc.gov/catdir/enhancements/fy0743/2007035053-b.html
=856  42$3Publisher description$uhttp://www.loc.gov/catdir/enhancements/fy0743/2007035053-d.html
=914  \\$a1054428
=938  \\$aBaker and Taylor$bBTCP$nBK0007329600
=938  \\$aBaker & Taylor$bBKTY$c24.95$d18.71$i0765317818$n0007329600$sactive
=938  \\$aYBP Library Services$bYANK$n2635600
=994  \\$a02$bZRK

