=LDR  00966cam  22003258a 4500
=001  316337
=005  20160611215302.0
=008  070716t20072007nyu\\\\\\\\\\\000\1\eng\\
=010  \\$a  2007029244
=020  \\$a9780345496539 (alk. paper)
=020  \\$a0345496531 (alk. paper)
=035  \\$a(OCoLC)ocn154759795
=035  \\$a(OCoLC)154759795
=040  \\$aDLC$cDLC$dBTCTA$dBAKER$dUtOrBLW
=049  \\$aZFRA
=050  00$aPR6058.A5536$bD74 2008
=082  00$a823/.914$222
=100  1\$aHamilton, Peter F.
=245  14$aThe dreaming void /$cPeter F. Hamilton.
=260  \\$aNew York :$bDel Rey/Ballantine Books,$c[2007], {copy}2007.
=263  \\$a0804
=300  \\$a630 pages ;$c25 cm
=336  \\$atext$btxt$2rdacontent
=337  \\$aunmediated$bn$2rdamedia
=338  \\$avolume$bnc$2rdacarrier
=650  \0$aReligion$vFiction.
=650  \0$aInterstellar travel$vFiction.
=650  \0$aAstrophysicists$vFiction.
=655  \7$aScience fiction.$2gsafd
=914  \\$a1054489

