=LDR  01591cam  22004094a 4500
=001  317294
=005  20160611215356.0
=008  071120s2008\\\\nyub\\\\\\\\\\000\1\eng\\
=010  \\$a  2007047697
=020  \\$a9780765310569
=020  \\$a0765310562
=020  \\$a9780765349316 (pbk)
=029  1\$aNZ1$b11645009
=035  \\$a(OCoLC)ocn172979152
=035  \\$a(OCoLC)172979152
=040  \\$aDLC$cDLC$dBTCTA$dYDXCP$dBAKER$dUPZ$dC#P$dZPP$dUtOrBLW
=049  \\$aZPPA
=050  00$aPS3555.L5917$bS53 2008
=082  00$a813/.54$222
=100  1\$aElliott, Kate.
=245  10$aShadow gate /$cKate Elliott.
=250  \\$a1st ed.
=260  \\$aNew York :$bTor,$c2008.
=300  \\$a475 pages :$bmap ;$c25 cm.
=336  \\$atext$btxt$2rdacontent
=337  \\$aunmediated$bn$2rdamedia
=338  \\$avolume$bnc$2rdacarrier
=490  1\$aBook two of crossroads
=500  \\$a"A Tom Doherty Associates Book."
=500  \\$aMap on endpapers.
=520  \\$aIn the face of a vast horde of marauders led by a rogue Guardian, the bravery and resourcefulness of a lone eagle-reeve and others who risk their lives for the common good have prevented death and destruction from overwhelming the Hundred. But when three new Guardians emerge, a struggle begins among the immortals, with nothing less at stake than the future of the land and its gods.--From publisher description.
=650  \0$aCorruption$vFiction.
=650  \0$aGood and evil$vFiction.
=650  \0$aMagic$vFiction.
=655  \7$aFantasy fiction.$2gsafd
=800  1\$aElliott, Kate,$d1958-$tCrossroads ;$vbk. 2.
=914  \\$a1056617

