=LDR  01029cam  2200349Ka 4500
=001  319398
=005  20160611215554.0
=008  071016t20072006nyub\\\\\\\\\\000\1\eng\d
=020  \\$a9780441015375 (pbk.)
=020  \\$a0441015379 (pbk.)
=035  \\$a(OCoLC)ocn174250248
=035  \\$a(OCoLC)174250248
=040  \\$aZAB$cZAB$dBAKER$dUtOrBLW
=049  \\$aZPPA
=100  1\$aShinn, Sharon.
=245  10$aDark moon defender /$cSharon Shinn.
=250  \\$aAce mass-market ed.
=260  \\$aNew York :$bAce Books,$c2007, {copy}2006.
=300  \\$a466 pages ;$c18 cm
=336  \\$atext$btxt$2rdacontent
=337  \\$aunmediated$bn$2rdamedia
=338  \\$avolume$bnc$2rdacarrier
=500  \\$a"A novel of the twelve houses"--Spine.
=650  \0$aMagic$vFiction.
=650  \0$aMoon worship$vFiction.
=650  \0$aCults$vFiction.
=650  \0$aConvents$vFiction.
=655  \7$aFantasy fiction.$2gsafd
=655  \7$aLove stories.$2gsafd
=800  1\$aShinn, Sharon. .$tTwelve Houses ;$vbk. 3.
=914  \\$a1060867
=994  \\$aC0$bZPP

