=LDR  01343pam  2200409Ma 4500
=001  319488
=005  20160611215559.0
=008  080904t20082008nyu\\\\\\\\\\\000\f\eng\d
=010  \\$a  2007042162
=020  \\$a9780345499028 (hc. : alk. paper)
=020  \\$a0345499026 (hc. : alk. paper)
=035  \\$a(OCoLC)ocn416690905
=035  \\$a(OCoLC)416690905
=040  \\$aCNVPL$cCNVPL$dUtOrBLW
=049  \\$aOEKA
=050  00$aPR9619.3.W5667$bS73 2008
=082  00$aFIC$bWilli
=100  1\$aWilliams, Sean,$d1967-
=245  14$aThe force unleashed /$cSean Williams ; based on a story by Haden Blackman.
=260  \\$aNew York :$bBallantine,$c[2008], {copy}2008.
=300  \\$a319 pages ;$c25 cm.
=336  \\$atext$btxt$2rdacontent
=337  \\$aunmediated$bn$2rdamedia
=338  \\$avolume$bnc$2rdacarrier
=490  1\$aStar wars
=520  \\$aVader appoints an apprentice to help him find the Jedi who are still missing after his attack on them.
=600  10$aVader, Darth$c(Fictitious character)$vFiction.
=650  \0$aImaginary wars and battles$vFiction.
=650  \0$aSpace warfare$vFiction.
=650  \0$aStar Wars fiction.
=650  \0$aFantasy fiction.
=650  \0$aScience fiction.
=700  1\$aBlackman, W. Haden.
=730  0\$aStar Wars (Motion pictures)
=830  \0$aStar wars.
=914  \\$a1061031
=994  \\$aC0$bOEK

