=LDR  02035cam  2200445Ia 4500
=001  319764
=005  20170108014544.0
=008  911008t19911991nyu\\\\\\\\\\\000\1\eng\d
=020  \\$a0441788386$q(pbk.)
=020  \\$a9780441788385$q(pbk.)
=035  \\$a(OCoLC)ocm24517434 
=035  \\$a(OCoLC)24517434
=040  \\$aILC$beng$cILC$dSVP$dCSB$dOCLCQ$dBAKER$dBTCTA$dOCLCQ$dXY4$dNZWPM$dYDXCP$dABG$dFMO$dFHP$dYVO$dZAD$dBDX$dOCLCQ$dOCLCO$dOCLCQ$dOCLCF$dOCLCQ$dOCLCO$dOCLCQ$dUtOrBLW
=043  \\$ax------
=049  \\$aOEKA
=050  \4$aPS3515.E288$bS76 1991
=082  04$a813/.54$220
=100  1\$aHeinlein, Robert A.$q(Robert Anson),$d1907-1988.
=245  10$aStranger in a strange land /$cRobert A. Heinlein.
=250  \\$aAce trade ed.
=260  \\$aNew York :$bAce Books,$c[1991], {copy}1991.
=300  \\$a525 pages ;$c24 cm
=336  \\$atext$btxt$2rdacontent
=337  \\$aunmediated$bn$2rdamedia
=338  \\$avolume$bnc$2rdacarrier
=500  \\$a"The original uncut version of the bestselling classic"--Cover.
=520  \\$aA young man from Mars comes to Earth & must learn our strange ways. Annotation. One of the greatest science fiction novels ever published, Stranger in a Strange Land's original manuscript had 50,000 words cut. Now they have been reinstated for this special 30th anniversary trade edition. A Mars-born earthling arrives on this planet for the first time as an adult, and the sensation he creates teaches Earth some unforgettable lessons. "A brilliant mind-bender".--Kurt Vonnegut.
=521  8\$a940L$bLexile
=526  \\$aAccelerated Reader$bUG$c5.6$d25$e25$z54128
=650  \0$aLife on other planets$vFiction.
=650  \0$aSects$vFiction.
=650  \0$aMartians$vJuvenile fiction.
=650  \0$aReligion$vJuvenile fiction.
=650  \0$aCults$vJuvenile fiction.
=651  \0$aEarth (Planet)$vJuvenile fiction.
=655  \7$aScience fiction.$2gsafd
=856  1\$uhttp://www.nitrosyncretic.com/rah/
=856  4\$uhttp://www.nitrosyncretic.com/rah/
=914  \\$a1061629
=994  \\$aC0$bOEK

