=LDR  01124cam  22003738a 4500
=001  319830
=005  20160611215618.0
=008  071012t20082008nyu\\\\\\\\\\\000\1\eng\\
=010  \\$a  2007042136
=019  \\$a166382441
=020  \\$a9780451461896
=020  \\$a0451461894
=035  \\$a(OCoLC)ocn174138906
=035  \\$a(OCoLC)174138906$z(OCoLC)166382441
=040  \\$aDLC$cDLC$dBAKER$dBTCTA$dUtOrBLW
=049  \\$aZFRA
=050  00$aPS3602.U85$bS63 2008
=082  00$a813/.6$222
=100  1\$aButcher, Jim,$d1971-
=245  10$aSmall favor :$ba novel of the Dresden files /$cJim Butcher.
=260  \\$aNew York :$bRoc,$c[2008], {copy}2008.
=263  \\$a0804
=300  \\$a423 pages ;$c24 cm.
=336  \\$atext$btxt$2rdacontent
=337  \\$aunmediated$bn$2rdamedia
=338  \\$avolume$bnc$2rdacarrier
=490  1\$aDresden files ;$v10
=650  \0$aDresden, Harry (Fictitious character)$vFiction.
=650  \0$aWizards$vFiction.
=650  \0$aMagic$vFiction.
=651  \0$aChicago (Ill.)$vFiction.
=655  \7$aFantasy fiction.$2gsafd
=800  1\$aButcher, Jim,$d1971-$tDresden files;$v10.
=914  \\$a1061724

