=LDR  01809cam  22003734a 4500
=001  322018
=005  20160611215823.0
=008  070829s2008\\\\nyub\\\\\\\\\\000\1\eng\\
=010  \\$a  2007035961
=020  \\$a9780446500043
=020  \\$a0446500046
=035  \\$a(OCoLC)ocn167517577
=035  \\$a(OCoLC)167517577
=040  \\$aDLC$cDLC$dBTCTA$dBAKER$dYDXCP$dUPZ$dC#P$dUtOrBLW
=049  \\$aZPPA
=050  00$aPS3603.A74$bK84 2008
=082  00$a813/.6$222
=100  1\$aCarey, Jacqueline,$d1964-
=245  10$aKushiel's mercy /$cJacqueline Carey.
=250  \\$a1st ed.
=260  \\$aNew York :$bGrand Central Pub.,$c2008.
=300  \\$axiii, 653 pages :$bmap ;$c24 cm
=336  \\$atext$btxt$2rdacontent
=337  \\$aunmediated$bn$2rdamedia
=338  \\$avolume$bnc$2rdacarrier
=520  \\$aHaving paid dearly for ignoring Elua's edict to love as thou wilt, Imriel and Sidonie have finally come forward to publicly confess their love for each other--only to watch the news ignite turmoil throughout the land. Those who are old enough cannot forget the misdeeds of Imriel's mother, Melisande, whose self-serving lies plunged their country into war. In order to quell the uprising, Queen Ysandre hands down a decree: she will not divide the lovers, but neither will she acknowledge them. And if they decide to marry, Sidonie will be disinherited. That is, unless Imriel can find his mother and bring her back to Terre D'Ange to be executed for treason....
=650  \0$aKings and rulers$vFiction.
=650  \0$aMothers and sons$vFiction.
=650  \0$aQuests (Expeditions)$vFiction.
=650  \0$aMagic$vFiction.
=655  \7$aFantasy fiction.$2gsafd
=800  1\$aCarey, Jacqueline,$d1964-$tImriel trilogy ;$v3.
=800  1\$aCarey, Jacqueline,$d1964-$tKushiel's legacy.;$v6.
=914  \\$a1066560

