=LDR  01396cam  22003374a 4500
=001  322835
=005  20160611215909.0
=008  071107s2008\\\\nyub\\\\\\\\\\000\1\eng\\
=010  \\$a  2007046166
=020  \\$a9780316068000
=020  \\$a0316068004
=035  \\$a(OCoLC)ocn181335810
=035  \\$a(OCoLC)181335810$z(OCoLC)154698577
=040  \\$aDLC$cDLC$dBAKER$dYDXCP$dUPZ$dC#P$dBWX$dBTCTA$dY#4$dUtOrBLW
=050  00$aPS3607.R338$bB55 2008
=082  00$a813/.6$222
=100  1\$aGraham, Jo,$d1968-
=245  10$aBlack ships :$ba novel /$cJo Graham.
=250  \\$a1st ed.
=260  \\$aNew York :$bOrbit,$c2008.
=300  \\$a431 pages :$bmap ;$c21 cm
=336  \\$atext$btxt$2rdacontent
=337  \\$aunmediated$bn$2rdamedia
=338  \\$avolume$bnc$2rdacarrier
=520  \\$aThe daughter of a slave taken from fallen Troy, Gull was chosen to become the voice of the Lady of the Dead and counsel kings. But when nine black ships appear, captained by exiled Prince Aeneas, she joins him as his guide and leads him to his destiny.
=650  \0$aWomen slaves$vFiction.
=650  \0$aOracles$vFiction.
=600  \0$aAeneas$c(Legendary character)$vFiction.
=856  42$3Publisher description$uhttp://www.loc.gov/catdir/enhancements/fy0804/2007046166-d.html
=856  42$3Contributor biographical information$uhttp://www.loc.gov/catdir/enhancements/fy0804/2007046166-b.html
=914  \\$a1068681

