=LDR  02557cam  2200493 a 4500
=001  323090
=005  20170108014544.0
=008  920629s1992\\\\nyub\\\\\\\\\\000\1\eng\\
=010  \\$a   92024134 
=020  \\$a0312854315
=020  \\$a9780312854317
=020  \\$a0312854307 (leather-bound ed.)
=020  \\$a9780312854300 (leather-bound ed.)
=020  \\$a0812513738 (pbk.) :$c{dollar}6.99 ({dollar}7.99 Can.)
=020  \\$a9780765334671 : PAP$c18.99
=020  \\$a0765334674 : PAP$c18.99
=035  \\$a(OCoLC)ocm26217516 
=035  \\$a(OCoLC)26217516$z(OCoLC)32360745
=035  \\$a124787
=035  \\$a694894
=040  \\$aDLC$beng$cDLC$dXY4$dBAKER$dBTCTA$dYDXCP$dIXA$dO2H$dBDX$dY#4$dUtOrBLW
=050  00$aPS3560.O7617$bS48 1992
=082  00$a813/.54$220
=100  1\$aJordan, Robert,$d1948-2007.
=245  14$aThe shadow rising /$cRobert Jordan.
=250  \\$a1st trade ed.
=260  \\$aNew York :$bTOR,$c1992.
=300  \\$a701 pages :$bmaps ;$c24 cm.
=336  \\$atext$btxt$2rdacontent
=337  \\$aunmediated$bn$2rdamedia
=338  \\$avolume$bnc$2rdacarrier
=490  1\$aThe Wheel of time ;$v4
=500  \\$a"A Tom Doherty Associates book."
=520  \\$aThe fourth volume in the saga is ambitious, rich, & detailed. Annotation. The seals of Shayol Ghul are weak now, and the Dark One reaches out. The Shadow is rising to cover humankind. In Tar Valon, Min sees portents of hideous doom. Will the White Tower itself be broken? In the Two Rivers, the Whitecloaks ride in pursuit of a man with golden eyes, and in pursuit of the Dragon Reborn. In Cantorin, among the Sea Folk, High Lady Suroth plans the return of the Seanchan armies to the mainland. In the Stone of Tear, the Lord Dragon considers his next move. It will be something no one expects, not the Black Ajah, not Tairen nobles, not Aes Sedai, not Egwene or Elayne or Nynaeve. Against the Shadow rising stands the Dragon Reborn.
=650  \0$aRand al'Thor (Fictitious character)$vFiction.
=650  \0$aGood and evil$vJuvenile fiction.
=650  \0$aRand al'Thor (Fictitious character)$vJuvenile fiction.
=650  \0$aFantasy.$2gsafd
=655  \7$aFantasy fiction.$2gsafd
=800  1\$aJordan, Robert,$d1948-2007.$tWheel of time ;$vbk. 4.
=856  42$3Publisher description$uhttp://catdir.loc.gov/catdir/description/hol054/92024134.html
=856  42$3Contributor biographical information$uhttp://catdir.loc.gov/catdir/enhancements/fy0733/92024134-b.html
=856  41$3Sample text$uhttp://catdir.loc.gov/catdir/enhancements/fy1208/92024134-s.html
=914  \\$a1069282

