=LDR  01507cam  2200373Ka 4500
=001  324300
=005  20160611220031.0
=008  080331s2008\\\\nyu\\\\\\\\\\\000\1\eng\d
=020  \\$a0345477464
=020  \\$a9780345477460
=029  1\$aNZ1$b11677933
=035  \\$a(OCoLC)ocn216892707
=035  \\$a(OCoLC)216892707
=040  \\$aUPZ$cUPZ$dYDXCP$dUtOrBLW
=049  \\$aZFRA
=050  \4$aPS3554.E5345$bI628 2008
=082  04$a813/.54$222
=100  1\$aDenning, Troy.
=245  10$aInvincible /$cTroy Denning.
=260  \\$aNew York :$bDel Rey,$c2008.
=300  \\$axv, 299 pages ;$c25 cm.
=336  \\$atext$btxt$2rdacontent
=337  \\$aunmediated$bn$2rdamedia
=338  \\$avolume$bnc$2rdacarrier
=490  1\$aStar Wars legacy of the force
=520  \\$aIn the ninth and final volume in the Legacy of the Force series, Luke Skywalker faces the difficult decision to destroy Darth Caedus--formerly his peace-loving nephew Jacen Solo--while Jacen's twin sister, Jaina, must fulfill her destiny as the "Sword of the Jedi," joining her parents and others on a quest to confront the tyrant who had once been her twin brother.
=600  10$aSkywalker, Luke$c(Fictitious character)$vFiction.
=650  \0$aSolo, Jacen (Fictitious character)$vFiction.
=650  \0$aSolo, Jaina (Fictitious character)$vFiction.
=650  \0$aLife on other planets$vFiction.
=655  \7$aStar wars fiction.$2gsafd
=655  \7$aScience fiction.$2gsafd
=830  \0$aStar Wars legacy of the force.
=914  \\$a1071921

