=LDR  01672nam  2200433Ia 4500
=001  324315
=005  20160612052532.0
=008  080229t20082006nyu\\\\\\\\\\\000\1\eng\\
=020  \\$a9780345470058 (pbk.)
=020  \\$a0345470052 (pbk.)
=035  \\$a(OCoLC)ocn212418291
=035  \\$a(OCoLC)212418291
=040  \\$aOEI$cOEI$dBAKER$dMTHPL$dUtOrBLW
=049  \\$aMAIN
=092  \\$aMOL
=100  1\$aMcCaffrey, Anne.
=245  10$aMaelstrom /$cAnne McCaffrey, Elizabeth Ann Scarborough.
=250  \\$aDel Rey mass market ed.
=260  \\$aNew York :$bDel Rey/Ballantine Books,$c2008, {copy}2006.
=300  \\$a298 pages ;$c18 cm.
=336  \\$atext$btxt$2rdacontent
=337  \\$aunmediated$bn$2rdamedia
=338  \\$avolume$bnc$2rdacarrier
=490  1\$aTwins of Petaybee ;$vbk. 2
=526  \\$aAccelerated Reader$bUG$c6.3$d12$e12$z113513
=650  \0$aLife on other planets$vFiction.
=650  \0$aBrothers and sisters$vFiction.
=650  \0$aTwins$vFiction.
=650  \0$aShongili, Murel (Fictitious character)$vFiction.
=650  \0$aShongili, Ronan (Fictitious character)$vFiction.
=655  \7$aScience fiction.$2gsafd
=700  1\$aScarborough, Elizabeth Ann.
=800  1\$aMcCaffrey, Anne.$tTwins of Petaybee;$vbk. 2.
=856  42$3Contributor biographical information$uhttp://www.loc.gov/catdir/enhancements/fy0703/2006047702-b.html
=856  42$3Publisher description$uhttp://www.loc.gov/catdir/enhancements/fy0703/2006047702-d.html
=856  41$3Sample text$uhttp://www.loc.gov/catdir/enhancements/fy0703/2006047702-s.html
=914  \\$a1071939
=938  \\$aBaker & Taylor$bBKTY$c7.99$d6.39$i0345470052$n0007310589$sactive
=994  \\$aC0$bMTHPL

