=LDR  00953cam  2200325 a 4500
=001  324630
=005  20160611220050.0
=008  071114t20072007flu\\\\\\\\\\\000\1\eng\\
=010  \\$a  2007047079
=020  \\$a9780151014910
=020  \\$a0151014914
=035  \\$a(OCoLC)ocn180751958
=035  \\$a(OCoLC)180751958
=040  \\$aDLC$cDLC$dBTCTA$dBAKER$dYDXCP$dC#P$dUtOrBLW
=049  \\$aZPPA
=050  00$aPR6073.I558$bS76 2007
=082  00$a823/.914$222
=100  1\$aWinterson, Jeanette,$d1959-
=245  14$aThe stone gods /$cJeanette Winterson.
=250  \\$a1st U.S. ed.
=260  \\$aOrlando :$bHarcourt,$c[2007], {copy}2007.
=300  \\$a206 pages ;$c24 cm
=336  \\$atext$btxt$2rdacontent
=337  \\$aunmediated$bn$2rdamedia
=338  \\$avolume$bnc$2rdacarrier
=650  \0$aInterplanetary voyages$vFiction.
=650  \0$aSpace and time$vFiction.
=655  \7$aScience fiction.$2gsafd
=655  \7$aLove stories.$2gsafd
=914  \\$a1072612

