=LDR  01961cam  2200421 a 4500
=001  325332
=005  20160611220129.0
=008  080222s2008\\\\nyu\\\\\\\\\\\000\1\eng\\
=010  \\$a  2008008228
=019  \\$a183267534
=020  \\$a9780441015948
=020  \\$a0441015948
=035  \\$a(OCoLC)ocn202548412
=035  \\$a(OCoLC)202548412$z(OCoLC)183267534
=040  \\$aDLC$cDLC$dBAKER$dBTCTA$dUPZ$dVPL$dC#P$dBWX$dABG$dYDXCP$dZRK$dUtOrBLW
=049  \\$aZRKA
=050  00$aPR6119.T79$bS28 2008
=082  00$a823/.92$222
=100  1\$aStross, Charles.
=245  10$aSaturn's children :$ba space opera /$cCharles Stross.
=250  \\$a1st ed.
=260  \\$aNew York :$bAce Books,$c2008.
=300  \\$a323 pages ;$c24 cm
=336  \\$atext$btxt$2rdacontent
=337  \\$aunmediated$bn$2rdamedia
=338  \\$avolume$bnc$2rdacarrier
=520  \\$aSometime in the twenty-third century, humanity went extinct leaving only androids behind. Freya Nakamichi 47 is a femmebot, one of the last of her kind still functioning. With no humans left to pay for the pleasures she provides, she agrees to transport a mysterious package from Mercury to Mars. Unfortunately for Freya, she has just made herself a moving target for some very powerful, very determined humanoids who will stop at nothing to possess the contents of the package.
=650  \0$aAndroids$vFiction.
=650  \0$aInterplanetary voyages$vFiction.
=655  \7$aScience fiction.$2gsafd
=856  42$3Contributor biographical information$uhttp://www.loc.gov/catdir/enhancements/fy0835/2008008228-b.html
=856  42$3Publisher description$uhttp://www.loc.gov/catdir/enhancements/fy0835/2008008228-d.html
=914  \\$a1073961
=938  \\$aBaker & Taylor$bBKTY$c24.95$d18.71$i0441015948$n0007552858$sactive
=938  \\$aBaker and Taylor$bBTCP$nBK0007552858
=938  \\$aBlackwell Book Service$bBBUS$nR2722792$c{dollar}24.95
=938  \\$aYBP Library Services$bYANK$n2851813
=994  \\$aC0$bZRK

