=LDR  02143nam  2200493 a 4500
=001  327410
=005  20160612052722.0
=008  921117s1993\\\\nyub\\\\\\\\\\000\1\eng\\
=010  \\$a   92090377 
=020  \\$a0345363000 :$c{dollar}22.00 ({dollar}27.50 in Canada)
=020  \\$a9780345363008
=029  1\$aYDXCP$b301556
=029  1\$aNZ1$b4151132
=035  \\$a(OCoLC)ocm27068604 
=035  \\$a(OCoLC)27068604
=040  \\$aDLC$cDLC$dBAKER$dXY4$dBTCTA$dYDXCP$dZRK$dUtOrBLW
=049  \\$aZRKA
=050  00$aPS3552.R6596$bT3 1993
=082  00$a813/.54$220
=100  1\$aBrooks, Terry.
=245  14$aThe talismans of Shannara /$cTerry Brooks.
=250  \\$a1st ed.
=260  \\$aNew York :$bBallantine Books,$c1993.
=300  \\$a453 pages :$bmap ;$c25 cm.
=336  \\$atext$btxt$2rdacontent
=337  \\$aunmediated$bn$2rdamedia
=338  \\$avolume$bnc$2rdacarrier
=490  1\$aThe heritage of Shannara ;$vbk. 4
=500  \\$a"A Del Rey book."
=520  \\$aAlthough some of the goals to keep Shannara safe had been met, the work of Walker Boh, Wren, and Par was not yet done. For The Shadowmen still swarmed over the Four Lands, poisoning all with their dark magic. Each Shannaran had a special death waiting for him- at the hands of The Shadowmen-unless Par could find a way to free them all with the Sword of Shannara.
=521  8\$a970L$bLexile
=526  \\$aAccelerated Reader$bUG$c6.6$d27$e27$z17843
=650  \0$aShannara (Imaginary place)$vFiction.
=650  \0$aElves$vFiction.
=655  \7$aFantasy fiction.$2gsafd
=800  1\$aBrooks, Terry.$tHeritage of Shannara;$vbk. 4.
=856  42$3Contributor biographical information$uhttp://www.loc.gov/catdir/bios/random056/92090377.html
=856  41$3Sample text$uhttp://www.loc.gov/catdir/samples/random044/92090377.html
=856  42$3Publisher description$uhttp://www.loc.gov/catdir/description/random0412/92090377.html
=914  \\$a1078349
=938  \\$aBaker & Taylor$bBKTY$c22.00$d16.50$i0345363000$n0002151432$sactive
=938  \\$aBaker and Taylor$bBTCP$n92090377$c{dollar}22.00 ({dollar}27.50 in Canada)
=938  \\$aYBP Library Services$bYANK$n301556
=994  \\$a02$bZRK

