=LDR  01896cam  2200397Ia 4500
=001  327754
=005  20160611220347.0
=008  080220s2008\\\\nyu\\\\\\\\\\\000\1\eng\d
=020  \\$a9780345477576
=020  \\$a034547757X
=035  \\$a(OCoLC)ocn192366824
=035  \\$a(OCoLC)192366824$z(OCoLC)176918527
=040  \\$aUPZ$cUPZ$dBAKER$dWIQ$dBTCTA$dUtOrBLW
=049  \\$aOEKA
=050  \4$aPR6120.R38$bRev 2008
=082  04$a823/.92$222
=082  14$aFIC$214
=100  1\$aTraviss, Karen.
=245  10$aRevelation /$cKaren Traviss.
=260  \\$aNew York :$bDel Rey :$bLucas Books,$c2008.
=300  \\$a410 pages ;$c18 cm.
=336  \\$atext$btxt$2rdacontent
=337  \\$aunmediated$bn$2rdamedia
=338  \\$avolume$bnc$2rdacarrier
=490  1\$aStar Wars legacy of the force
=500  \\$a"A Del Rey Books mass market original."
=500  \\$aIncludes an excerpt from Star Wars Legacy of the Force : Invincible (p. [411]-436).
=520  \\$aJacen Solo's shadow of influence has threatened many, especially those closest to him. Jaina Solo is determined to bring her brother in, but in order to track him down, she must first learn unfamiliar skills from a man she finds ruthless, repellent, and dangerous. Meanwhile, Ben Skywalker, still haunted by suspicions that Jacen killed his mother, Mara, decides he must know the truth, even if it costs him his life. And as Luke Skywalker contemplates once unthinkable strategies to dethrone his nephew, the hour of reckoning for those on both sides draws near.--P. [4] of cover.
=600  10$aSkywalker, Luke$c(Fictitious character)$vFiction.
=650  \0$aSolo, Jaina (Fictitious character)$vFiction.
=650  \7$aScience fiction.$2sears
=650  \0$aSolo, Jacen (Fictitious character)$vFiction.
=655  \7$aScience fiction.$2gsafd
=655  \0$aStar wars fiction.
=830  \0$aStar Wars legacy of the force.
=914  \\$a1079131

