=LDR  01127nam  2200373Ka 4500
=001  327873
=005  20170217130505.0
=008  080331s2008\\\\nyu\\\\\\\\\\\000\1\eng\d
=020  \\$a9780451461995 (pbk.) :$c{dollar}7.99
=020  \\$a0451461991 (pbk.) :$c{dollar}7.99
=020  \\$a9780451461995$c{dollar}7.99
=020  \\$a0451461991$c{dollar}7.99
=024  10$a099769007993
=035  \\$a(OCoLC)ocn216884176
=035  \\$a(OCoLC)216884176
=040  \\$aON8$cON8$dBAKER$dH{dollar}Y$dUtOrBLW
=049  \\$aH{dollar}YA
=092  \\$aFic
=100  1\$aChance, Karen.
=245  10$aEmbrace the night /$cKaren Chance.
=260  \\$aNew York, N.Y., USA :$bROC,$c2008.
=300  \\$a392 pages ;$c17 cm.
=336  \\$atext$btxt$2rdacontent
=337  \\$aunmediated$bn$2rdamedia
=338  \\$avolume$bnc$2rdacarrier
=490  0\$aRoc fantasy
=500  \\$aIncludes preview of author's Midnight's daughter.
=650  \0$aClairvoyants$vFiction.
=650  \0$aVampires$vFiction.
=650  \0$aMagic$vFiction.
=655  \7$aFantasy fiction.$2gsafd
=914  \\$a1079498
=994  \\$aC0$bH{dollar}Y
=938  \\$aBaker & Taylor$bBKTY$c7.99$d6.39$i0451461991$n0007357477$sactive

