=LDR  01374nam  2200433 a 4500
=001  327880
=005  20160611220354.0
=008  070710r20072006nyu\\\\\\\\\\\000\1\eng\\
=015  \\$aGBA755890$2bnb
=016  7\$a013795441$2Uk
=019  \\$a148910511
=020  \\$a9780765354617 (pbk.)
=020  \\$a0765354616 (pbk.)
=035  \\$a(OCoLC)ocn156891132
=035  \\$a(OCoLC)156891132$z(OCoLC)148910511
=040  \\$aUKM$cUKM$dBAKER$dBTCTA$dH{dollar}Y$dUtOrBLW
=042  \\$aukblcatcopy
=049  \\$aH{dollar}YA
=082  04$a813.54$222
=100  1\$aBaker, Kage.
=245  14$aThe machine's child /$cKage Baker.
=260  \\$aNew York :$bTor ;$a[Godalming] :$b[Melia, distributor],$c2007.
=300  \\$a356 pages ;$c18 cm.
=336  \\$atext$btxt$2rdacontent
=337  \\$aunmediated$bn$2rdamedia
=338  \\$avolume$bnc$2rdacarrier
=490  1\$aA Company novel
=500  \\$a"A Tom Doherty Associates book".
=500  \\$aOriginally published: 2006.
=650  \0$aDr. Zeus Incorporated (Imaginary organization)$vFiction.
=650  \0$aTime travel$vFiction.
=650  \0$aCyborgs$vFiction.
=650  \0$aImmortalism$vFiction.
=655  \7$aScience fiction.$2gsafd
=830  \0$aCompany novel.
=914  \\$a1079505
=938  \\$aBaker & Taylor$bBKTY$c7.99$d6.39$i0765354616$n0007156685$sactive
=938  \\$aBaker and Taylor$bBTCP$nBK0007156685
=994  \\$aC0$bH{dollar}Y

