=LDR  02050cam  22003854a 4500
=001  329234
=005  20160611220514.0
=008  080414s2008\\\\nyub\\\\\\\\\\000\1\eng\\
=010  \\$a  2008016957
=020  \\$a9780765315014
=020  \\$a0765315017
=035  \\$a(OCoLC)ocn184823014
=035  \\$a(OCoLC)184823014
=040  \\$aDLC$cDLC$dBTCTA$dBAKER$dYDXCP$dUPZ$dC#P$dUtOrBLW
=049  \\$aZPPA
=082  00$a813/.54$222
=100  1\$aWeber, David,$d1952-
=245  10$aBy schism rent asunder /$cDavid Weber.
=250  \\$a1st ed.
=260  \\$aNew York :$bTOR,$c2008.
=300  \\$a510 pages :$bmaps ;$c25 cm
=336  \\$atext$btxt$2rdacontent
=337  \\$aunmediated$bn$2rdamedia
=338  \\$avolume$bnc$2rdacarrier
=500  \\$a"A Tom Doherty Associates book."
=520  \\$aDespite the implacable hostility of the Church of God Awaiting, Charis still stands, still free, still tolerant, still an island of innovation in a world in which the Church has worked for centuries to keep humanity locked at a medieval level of existence. But the powerful men who run the Church aren't going to take their defeat lying down. Charis may control the world's seas, but it barely has an army worthy of the name. And as King Cayleb knows, far too much of the kingdom's recent good fortune is due to the secret manipulations of the being that calls himself Merlin--a being that, the world must not find out too soon, is more than human. A being on whose shoulders rests the last chance for humanity's freedom.--From publisher description.
=650  \0$aReligion$vFiction.
=650  \0$aImaginary wars and battles$vFiction.
=650  \0$aChurch and state$vFiction.
=655  \7$aFantasy fiction.$2gsafd
=655  \7$aScience fiction.$2gsafd$2gsafd
=800  1\$aWeber, David,$d1952-$tSafehold series;$v2.
=856  42$3Contributor biographical information$uhttp://www.loc.gov/catdir/enhancements/fy0829/2008016957-b.html
=856  42$3Publisher description$uhttp://www.loc.gov/catdir/enhancements/fy0829/2008016957-d.html
=914  \\$a1082640

