=LDR  01305cam  22003374a 4500
=001  329247
=005  20160611220514.0
=008  080307t20082008nyu\\\\\\\\\\\000\1\eng\\
=010  \\$a  2008010836
=015  \\$aGBA864076$2bnb
=020  \\$a1416555536 (hc)
=020  \\$a9781416555537 (hc)
=035  \\$a(OCoLC)ocn180755758
=040  \\$aDLC$cDLC$dBTCTA$dBAKER$dYDXCP$dUKM$dUPZ$dC#P$dUtOrBLW
=049  \\$aZPJA
=050  00$aPS3568.I577$bL37 2008
=082  00$a813/.54$222
=100  1\$aRingo, John,$d1963-
=245  14$aThe last centurion /$cJohn Ringo.
=260  \\$aRiverdale, NY :$bBaen ;$aNew York :$bDistributed by Simon & Schuster,$c[2008], {copy}2008.
=300  \\$a439 pages ;$c25 cm
=336  \\$atext$btxt$2rdacontent
=337  \\$aunmediated$bn$2rdamedia
=338  \\$avolume$bnc$2rdacarrier
=500  \\$a"A Baen Books original"--T.p. verso.
=520  \\$aIn the second decade of the 21st century the world is struck by two catastrophes, a new mini-ice age and a plague to dwarf all previous experiences. An American Army officer struggles to prevent the fall of his homeland--despite others' efforts to stop him.
=610  10$aUnited States.$bArmy$xOfficers$vFiction.
=650  \0$aCatastrophical, The$vFiction.
=655  \7$aScience fiction.$2gsafd
=914  \\$a1082654
=994  \\$aC0$bZPJ

