=LDR  01141nam  22003738a 4500
=001  329277
=005  20160611220516.0
=008  060306r20062005nyu\\\\\\\\\\\000\1\eng\\
=015  \\$aGBA655956$2bnb
=016  7\$a013495021$2Uk
=020  \\$a0765353679 (pbk.)
=020  \\$a9780765353672 (pbk.)
=035  \\$a(OCoLC)ocm70173604 
=035  \\$a(OCoLC)70173604
=040  \\$aUKM$cUKM$dBAKER$dH{dollar}Y$dUtOrBLW
=049  \\$aH{dollar}YA
=082  04$a813.54$222
=100  1\$aBaker, Kage.
=245  14$aThe children of the Company /$cKage Baker.
=260  \\$aNew York :$bTor ;$aGodalming :$bMelia [distributor],$c2006.
=263  \\$a200610
=300  \\$apages ;$ccm.
=336  \\$atext$btxt$2rdacontent
=337  \\$aunmediated$bn$2rdamedia
=338  \\$avolume$bnc$2rdacarrier
=490  1\$aA Company novel
=500  \\$aOriginally published: 2005.
=650  \0$aDr. Zeus Incorporated (Imaginary organization)$vFiction.
=650  \0$aImmortalism$vFiction.
=655  \7$aScience fiction.$2gsafd
=830  \0$aCompany novel.
=914  \\$a1082703
=938  \\$aBaker & Taylor$bBKTY$c7.99$d6.39$i0765353679$n0006731264$sactive
=994  \\$aC0$bH{dollar}Y

