=LDR  00915nam  22003258a 4500
=001  329278
=005  20160611220516.0
=008  041206s2005\\\\nyu\\\\e\\\\\\000\1\eng\\
=015  \\$aGBA503237$2bnb
=016  7\$a013080548$2Uk
=020  \\$a0765311844 (pbk.)
=020  \\$a9780765311849 (pbk.)
=029  1\$aNZ1$b9071778
=035  \\$a(OCoLC)ocm57429668 
=035  \\$a(OCoLC)57429668
=040  \\$aUKM$cUKM$dBAKER$dH{dollar}Y$dUtOrBLW
=049  \\$aH{dollar}YA
=082  04$a813.54$222
=100  1\$aBaker, Kage.
=245  14$aThe graveyard game /$cKage Baker.
=260  \\$aNew York :$bTor,$c2005.
=263  \\$a200504
=300  \\$a352 pages ;$c18 cm
=336  \\$atext$btxt$2rdacontent
=337  \\$aunmediated$bn$2rdamedia
=338  \\$avolume$bnc$2rdacarrier
=655  \7$aScience fiction.$2gsafd
=914  \\$a1082704
=938  \\$aBaker & Taylor$bBKTY$c14.95$d11.21$i0765311844$n0006113567$sactive
=994  \\$aC0$bH{dollar}Y

