=LDR  01108nam  2200361Ia 4500
=001  330180
=005  20170108014546.0
=008  030916t20031992nyu\\\\\\\\\\\000\1\eng\d
=020  \\$a0553380958 (pbk.)
=020  \\$a9780553380958 (pbk.)
=035  \\$a(OCoLC)ocm53032400 
=035  \\$a(OCoLC)53032400
=040  \\$aXAV$cXAV$dOCL$dH{dollar}Y$dUtOrBLW
=049  \\$aH{dollar}YA
=050  \4$aPS3569.T3868$bS65 2003
=082  04$a813.54
=100  1\$aStephenson, Neal.
=245  10$aSnow crash /$cNeal Stephenson.
=260  \\$aNew York :$bBantam Books,$c2003, {copy}1992.
=300  \\$a470 pages ;$c18 cm.
=336  \\$atext$btxt$2rdacontent
=337  \\$aunmediated$bn$2rdamedia
=338  \\$avolume$bnc$2rdacarrier
=490  1\$aA Bantam spectra book
=500  \\$a"Bantam trade paperback reissue, September 2003."
=521  8\$a970L$bLexile
=526  \\$aAccelerated Reader$bUG$c7.0$d27$e27$z45548
=650  \0$aScience fiction, American.
=650  \0$aAmerican fiction$y20th century.
=655  \7$aScience fiction.$2gsafd
=655  \7$aHumorous fiction.$2gsafd
=830  \0$aBantam spectra book.
=914  \\$a1084620

