=LDR  01240cam  22003858a 4500
=001  331320
=005  20160611220713.0
=008  080330s2008\\\\nyua\\\\\\\\\\000\1\eng\\
=010  \\$a  2008013175
=020  \\$a9780061474095
=020  \\$a0061474096
=020  \\$a9780061694943
=020  \\$a0061694940
=035  \\$a(OCoLC)ocn191930336
=040  \\$aDLC$cDLC$dBTCTA$dBAKER$dYDXCP$dUPZ$dABG$dWIQ$dUtOrBLW
=049  \\$aZPJA
=050  00$aPS3569.T3868$bA53 2008
=082  00$a813/.54$222
=100  1\$aStephenson, Neal.
=245  10$aAnathem /$cNeal Stephenson.
=250  \\$a1st ed.
=260  \\$aNew York, NY :$bWilliam Morrow,$c2008.
=263  \\$a0809
=300  \\$axvii, 937 pages :$billustrations ;$c24 cm
=336  \\$atext$btxt$2rdacontent
=337  \\$aunmediated$bn$2rdamedia
=338  \\$avolume$bnc$2rdacarrier
=520  \\$aRaz, a mathematician, is among a cohort of secluded scientists and philosophers who are called upon to save the world from impending catastrophe.
=650  \0$aLife on other planets$vFiction.
=650  \0$aDisasters$vFiction.
=650  \0$aMonasteries$vFiction.
=650  \0$aPhilosophy$vFiction.
=650  \0$aMathematics$vFiction.
=655  \7$aScience fiction.$2gsafd
=914  \\$a1087379

