=LDR  01123cam  22003618a 4500
=001  331879
=005  20160612053008.0
=008  080410s2008\\\\nyu\\\\\\\\\\\000\1\eng\\
=010  \\$a  2008016680
=020  \\$a9780345484147 (acid-free paper)
=020  \\$a0345484142 (acid-free paper)
=020  \\$a9780345484154 (pbk)
=035  \\$a(OCoLC)ocn222667000
=035  \\$a(OCoLC)222667000
=040  \\$aDLC$cDLC$dBAKER$dYDXCP$dUtOrBLW
=049  \\$aZFRA
=050  10$aPS3552.R6596$bG97 2008
=082  00$a813/.54$222
=100  1\$aBrooks, Terry.
=245  14$aThe gypsy morph /$cTerry Brooks.
=260  \\$aNew York :$bBallantine Books,$c2008.
=263  \\$a0809
=300  \\$a402 pages ;$c25 cm.
=336  \\$atext$btxt$2rdacontent
=337  \\$aunmediated$bn$2rdamedia
=338  \\$avolume$bnc$2rdacarrier
=490  0\$aThe Genesis of Shannara ;$v[3rd v.]
=526  \\$aAccelerated Reader$bUG$c5.8$d23$e23$z126301
=650  \0$aShannara (Imaginary place)$vFiction.
=650  \0$aElves$vFiction.
=655  \7$aFantasy fiction.$2gsafd
=800  1\$aBrooks, Terry.$tGenesis of Shannara ;$v[3rd v.].
=914  \\$a1088386

