=LDR  01049cam  2200313Ma 4500
=001  332100
=005  20160612053015.0
=008  061003s2005\\\\wau\\\\er\\\\\000\1\eng\d
=020  \\$a0786939532 (pbk.)
=020  \\$a9780786939534 (pbk.)
=035  \\$a(OCoLC)ocn225251182
=035  \\$a(OCoLC)225251182
=040  \\$aAU@$beng$cAU@$dY#4$dUtOrBLW
=082  04$a813./54$222
=100  1\$aSalvatore, R. A.,$d1959-
=245  10$aHomeland /$cR. A. Salvatore.
=260  \\$aRenton, Washington :$bWizards of the Coast,$c2005.
=300  \\$a329 pages ;$c18 cm.
=336  \\$atext$btxt$2rdacontent
=337  \\$aunmediated$bn$2rdamedia
=338  \\$avolume$bnc$2rdacarrier
=490  0\$aForgotten realms
=490  1\$aThe legend of Drizzt ;$vbk. 1
=500  \\$a"Originally published as book one of the Dark Elf Trilogy in August 1990"--T.p. verso.
=521  8\$a980L$bLexile
=526  \\$aAccelerated Reader$bUG$c7.4$d17$e17$z158109
=655  \7$aFantasy fiction.$2lcgft
=800  1\$aSalvatore, R. A.,$d1959-$tLegend of Drizzt ;$vbk. 1.
=914  \\$a1088871

