=LDR  00965cam  22003374a 4500
=001  332230
=005  20160611220804.0
=008  080709s2008\\\\nyu\\\\\\\\\\\000\1\eng\\
=010  \\$a  2008030212
=015  \\$aGBA899079$2bnb
=020  \\$a9780765317452 (alk. paper)
=020  \\$a0765317451 (alk. paper)
=035  \\$a(OCoLC)ocn213301011
=040  \\$aDLC$cDLC$dBTCTA$dBAKER$dYDXCP$dUKM$dC#P$dUtOrBLW
=049  \\$aZPJA
=050  00$aPS3552.A4313$bH68 2008
=082  00$a813/.54$222
=100  1\$aBaker, Kage.
=245  14$aThe house of the stag /$cKage Baker.
=250  \\$a1st ed.
=260  \\$aNew York :$bTor,$c2008.
=300  \\$a350 pages ;$c25 cm
=336  \\$atext$btxt$2rdacontent
=337  \\$aunmediated$bn$2rdamedia
=338  \\$avolume$bnc$2rdacarrier
=500  \\$a"A Tom Doherty Associates Book."
=650  \0$aSlavery$vFiction.
=650  \0$aDemonology$vFiction.
=655  \7$aFantasy fiction.$2gsafd
=914  \\$a1089157
=994  \\$aC0$bZPJ

