=LDR  00992cam  2200325Ia 4500
=001  332234
=005  20160612053019.0
=008  080708t20082008nyu\\\\\\\\\\\000\1\eng\\
=020  \\$a9780765312945
=020  \\$a0765312948
=020  \\$a9780765351500 (pbk)
=035  \\$a(OCoLC)ocn233573359
=035  \\$a(OCoLC)233573359
=040  \\$aDOV$cDOV$dUtOrBLW
=049  \\$aZFRA
=050  \4$aPS3558.E617$bP38 2008
=082  04$a813/.6$222
=100  1\$aHerbert, Brian.
=245  10$aPaul of Dune /$cBrian Herbert and Kevin J. Anderson.
=260  \\$aNew York :$bTor Books,$c[2008], {copy}2008.
=300  \\$a512 pages ;$c24 cm
=336  \\$atext$btxt$2rdacontent
=337  \\$aunmediated$bn$2rdamedia
=338  \\$avolume$bnc$2rdacarrier
=526  \\$aAccelerated Reader$bUG$c7.8$d28$e28$z126023
=650  \0$aLife on other planets$vFiction.
=650  \0$aDune (Imaginary place)$vFiction.
=655  \7$aScience fiction.$2gsafd
=700  1\$aAnderson, Kevin J.,$d1962- ,$eauthor.
=914  \\$a1089163

