=LDR  01286cam  2200337 a 4500
=001  332239
=005  20160611220805.0
=008  080303t20082008nyub\\\\\\\\\\000\1\eng\\
=010  \\$a  2008009266
=020  \\$a9780451462282
=020  \\$a0451462289
=035  \\$a(OCoLC)ocn212893652
=035  \\$a(OCoLC)212893652
=040  \\$aDLC$cDLC$dBTCTA$dBAKER$dUPZ$dUtOrBLW
=049  \\$aZPPA
=082  00$a813/.54$222
=100  1\$aStirling, S. M.
=245  14$aThe scourge of god :$ba novel of the change /$cS.M. Stirling.
=260  \\$aNew York :$bRoc,$c[2008], {copy}2008.
=300  \\$aviii, 450 pages :$bmap ;$c23 cm
=336  \\$atext$btxt$2rdacontent
=337  \\$aunmediated$bn$2rdamedia
=338  \\$avolume$bnc$2rdacarrier
=520  \\$aIn this continuation of the bestselling author's chronicle of an alternate world, Rudi MacKenzie continues his trek across the land that was once the United States, where he hopes to learn the truth behind The Change that rendered technology across the globe inoperable.
=650  \0$aRegression (Civilization)$vFiction.
=650  \0$aCults$vFiction.
=650  \0$aVoyages and travels$vFiction.
=655  \7$aScience fiction.$2gsafd
=655  \7$aDystopias.$2gsafd
=800  1\$aStirling, S. M.$tNovels of the Change;$vbk. 2.
=914  \\$a1089170

