=LDR  01128nam  2200373 a 4500
=001  332938
=005  20160612053044.0
=008  050525t20062006wau\\\\\\\\\\\000\1\eng\d
=010  \\$a  2005928115
=020  \\$a0786937963
=020  \\$a9780786937967
=029  1\$aNZ1$b10711680
=029  1\$aAU@$b000040092426
=035  \\$a(OCoLC)ocm63207937 
=035  \\$a(OCoLC)63207937
=040  \\$aSMDRL$cSMDRL$dDLC$dZGG$dBAKER$dVP@$dBTCTA$dYDXCP$dUtOrBLW
=042  \\$alccopycat
=049  \\$aZPPA
=050  00$aPS3573.E3978$bA85 2006
=082  00$a813/.6$222
=100  1\$aWeis, Margaret.
=245  10$aAmber and iron /$cMargaret Weis.
=260  \\$aRenton, WA :$bWizards of the Coast,$c[2006], {copy}2006.
=300  \\$a376 pages ;$c24 cm.
=336  \\$atext$btxt$2rdacontent
=337  \\$aunmediated$bn$2rdamedia
=338  \\$avolume$bnc$2rdacarrier
=490  1\$aThe dark disciple;$vv. 2
=526  \\$aAccelerated Reader$bUG$c5.7$d15$e15$z111317
=650  \0$aKrynn (Imaginary place)$vFiction.
=655  \7$aFantasy fiction.$2gsafd
=800  1\$aWeis, Margaret.$tDark disciple;$vv. 2.
=914  \\$a1090579
=994  \\$aC0$bZPP

