=LDR  01294cam  22003734a 4500
=001  333933
=005  20160611220943.0
=008  080411s2008\\\\nyub\\\\\\\\\\000\1\eng\\
=010  \\$a  2008016974
=020  \\$a9780765313423 (alk. paper)
=020  \\$a0765313421 (alk. paper)
=035  \\$a(OCoLC)ocn184823009
=035  \\$a(OCoLC)184823009
=040  \\$aDLC$cDLC$dBTCTA$dBAKER$dYDXCP$dC#P$dUtOrBLW
=049  \\$aZPPA
=082  00$a813/.6$222
=100  1\$aAbraham, Daniel.
=245  13$aAn autumn war /$cDaniel Abraham.
=250  \\$a1st ed.
=260  \\$aNew York :$bTor,$c2008.
=300  \\$a366 pages :$bmaps ;$c25 cm.
=336  \\$atext$btxt$2rdacontent
=337  \\$aunmediated$bn$2rdamedia
=338  \\$avolume$bnc$2rdacarrier
=490  1\$aBook three of the Long price quartet
=500  \\$a"A Tom Doherty Associates book."
=650  \0$aImaginary wars and battles$vFiction.
=650  \0$aMagic$vFiction.
=650  \0$aTechnology$vFiction.
=655  \7$aFantasy fiction.$2gsafd
=800  1\$aAbraham, Daniel.$tLong price quartet;$vbk. 3.
=856  42$3Contributor biographical information$uhttp://www.loc.gov/catdir/enhancements/fy0829/2008016974-b.html
=856  42$3Publisher description$uhttp://www.loc.gov/catdir/enhancements/fy0829/2008016974-d.html
=914  \\$a1092765

