=LDR  01393cam  2200373Ia 4500
=001  334627
=005  20160611221023.0
=008  080922s2008\\\\miua\\\\\\\\\\000\1\eng\d
=020  \\$a1596061820
=020  \\$a9781596061828
=035  \\$a(OCoLC)ocn255623137
=035  \\$a(OCoLC)255623137
=040  \\$aUPZ$cUPZ$dWIQ$dILC$dMR0$dUtOrBLW
=043  \\$an-us-il
=049  \\$aZPPA
=082  04$a813/.6$222
=100  1\$aButcher, Jim,$d1971-
=245  10$aBackup :$ba story of the Dresden files /$cJim Butcher ; [illustrated by Mike Mignola].
=250  \\$a1st ed.
=260  \\$aBurton, MI :$bSubterranean Press,$c2008.
=300  \\$a70 pages :$billustrations ;$c21 cm.
=336  \\$atext$btxt$2rdacontent
=337  \\$aunmediated$bn$2rdamedia
=338  \\$avolume$bnc$2rdacarrier
=490  1\$aThe Dresden files
=520  \\$aHarry's in trouble he knows nothing about, and it's up to his big brother Thomas to track him down and solve those little life-threatening difficulties without his little brother even noticing. Set in Jim Butcher's ultra-popular Dresden Files series.--Dust jacket
=650  \0$aDresden, Harry (Fictitious character)$vFiction.
=650  \0$aBrothers$vFiction.
=650  \0$aWizards$vFiction.
=651  \0$aChicago (Ill.)$vFiction.
=655  \7$aFantasy fiction.$2gsafd
=800  1\$aButcher, Jim,$d1971-$tDresden files.
=914  \\$a1094114
=994  \\$aC0$bZPP

