=LDR  01400cam  22003978a 4500
=001  334639
=005  20160612053150.0
=008  080623s2008\\\\nyu\\\\\\\\\\\000\1\eng\\
=010  \\$a  2008027996
=020  \\$a0345491149 (alk. paper)
=020  \\$a9780345491145 (alk. paper)
=035  \\$a(OCoLC)ocn192080534
=035  \\$a(OCoLC)192080534
=040  \\$aDLC$cDLC$dBTCTA$dBAKER$dYDXCP$dUPZ$dUtOrBLW
=049  \\$aZFRA
=050  00$aPS3563.A25525$bD73 2008
=082  00$a813/.54$222
=100  1\$aMcCaffrey, Todd,$d1956-
=245  10$aDragonheart /$cTodd McCaffrey.
=250  \\$a1st ed.
=260  \\$aNew York :$bBallantine Books,$c2008.
=263  \\$a0811
=300  \\$a538 pages ;$c24 cm.
=336  \\$atext$btxt$2rdacontent
=337  \\$aunmediated$bn$2rdamedia
=338  \\$avolume$bnc$2rdacarrier
=490  1\$aDragonriders of Pern
=520  \\$aThe dragons of Pern are dying...and the only person who can save them has been dead for over 400 Turns. This fantasy is written by Anne McCaffrey's son, Todd, heir to the literary world of Pern.
=526  \\$aAccelerated Reader$bUG$c5.8$d28$e28$z134246
=650  \0$aPern (Imaginary place)$vFiction.
=650  \0$aLife on other planets$vFiction.
=650  \0$aSpace colonies$vFiction.
=650  \0$aDragons$vFiction.
=655  \7$aScience fiction.$2gsafd
=800  1\$aMcCaffrey, Anne.$tDragonriders of Pern;$v27.
=914  \\$a1094126

