=LDR  01662cam  22004698a 4500
=001  334641
=005  20170108014548.0
=008  080731s2008\\\\nyu\\\\\\\\\\\000\1\eng\\
=010  \\$a  2008034075
=020  \\$a9780765304964
=020  \\$a0765304961
=020  \\$a9780765322104
=020  \\$a0765322102
=020  \\$a9780765344151 (pbk)
=035  \\$a(OCoLC)ocn223884539
=035  \\$a(OCoLC)223884539$z(OCoLC)223884584
=040  \\$aDLC$cDLC$dBTCTA$dBAKER$dYDXCP$dUPZ$dUtOrBLW
=049  \\$aZFRA
=050  00$aPS3553.A655$bE498 2008
=082  00$a813/.54$222
=100  1\$aCard, Orson Scott.
=245  10$aEnder in exile /$cOrson Scott Card.
=250  \\$a1st ed.
=260  \\$aNew York :$bTor,$c2008.
=263  \\$a0811
=300  \\$a380 pages ;$c25 cm
=336  \\$atext$btxt$2rdacontent
=337  \\$aunmediated$bn$2rdamedia
=338  \\$avolume$bnc$2rdacarrier
=500  \\$a"A Tom Doherty Associates book."
=520  \\$aAt the close of "Ender's Game," Andrew Wiggin--called Ender--is told that he can no longer live on Earth. The 12-year-old chooses to leave his home world and begins the long relativistic journey out to the colonies.
=521  8\$a840L$bLexile
=526  \\$aAccelerated Reader$bUG$c6.0$d20$e20$z126924
=600  \0$aWiggin, Ender$c(Fictitious character)$vFiction.
=600  10$aWiggin, Valentine$c(Fictitious character)$vFiction.
=650  \0$aBrothers and sisters$vJuvenile fiction.
=650  \0$aGenetic engineering$vFiction.
=650  \0$aLife on other planets$vFiction.
=650  \0$aSpace warfare$vFiction.
=800  1\$aCard, Orson Scott.$tEnder Wiggin ;$v6.
=914  \\$a1094128
=019  \\$a223884584

