=LDR  01285nam  2200289Ia 4500
=001  334645
=005  20160612053150.0
=008  080924t20082008nyu\\\\\\\\\\\000\1\eng\d
=020  \\$a9780756405243
=020  \\$a0756405246
=035  \\$a(OCoLC)ocn256471462
=040  \\$aZHB$cZHB$dUtOrBLW
=049  \\$aZPJA
=100  1\$aLackey, Mercedes.
=245  10$aFoundation /$cMercedes Lackey.
=260  \\$aNew York :$bDAW Books, Inc.,$c[2008], {copy}2008.
=300  \\$a340 pages ;$c24 cm.
=336  \\$atext$btxt$2rdacontent
=337  \\$aunmediated$bn$2rdamedia
=338  \\$avolume$bnc$2rdacarrier
=490  1\$aThe collegium chronicles ;$vbk. 1
=520  \\$aIn this chronicle of the early history of Valdemar, Mercedes Lackey's bestselling world, a thirteen-year-old orphan named Magpie escapes a life of slavery in the gem mines when he is chosen by one of the magical Companion horses of Valdemar to be trained as a Herald. Thrust into the center of a legend in the making, Magpie discovers talents he never knew he had--and witnesses the founding of the great Heralds' Collegium.
=526  \\$aAccelerated Reader$bUG$c6.6$d18$e18$z128035
=650  \0$aValdemar (Imaginary place)$vFiction.
=655  \7$aFantasy fiction.$2gsafd
=830  \0$aCollegium chronicles ;$vbk. 1.
=914  \\$a1094133

