=LDR  01242cam  2200373Ka 4500
=001  335002
=005  20160611221044.0
=008  071103s2008\\\\nyua\\\\\\\\\\000\1\eng\d
=020  \\$a9781416570516 (hardcover) :$c{dollar}26.00
=020  \\$a1416570519 (hardcover)
=035  \\$a(OCoLC)ocn180756194
=035  \\$a(OCoLC)180756194
=040  \\$aBTCTA$cBTCTA$dBAKER$dYDXCP$dON8$dZRK$dUtOrBLW
=049  \\$aZRKA
=092  \\$aFic
=100  1\$aEvans, Chris$c(Novelist)
=245  12$aA darkness forged in fire /$cChris Evans.
=250  \\$a1st Pocket Books hardcover ed.
=260  \\$aNew York :$bPocket Books,$c2008.
=300  \\$a419 pages :$billustrations ;$c24 cm.
=336  \\$atext$btxt$2rdacontent
=337  \\$aunmediated$bn$2rdamedia
=338  \\$avolume$bnc$2rdacarrier
=490  1\$aIron Elves ;$vbk. 1
=500  \\$a"Book 1 of the Iron Elves."
=650  \0$aSoldiers$vFiction.
=650  \0$aMagic$vFiction.
=655  \7$aFantasy fiction.$2gsafd
=800  1\$aEvans, Chris$q(Chris R.).$tIron elves ;$vbk. 1.
=914  \\$a1094790
=938  \\$aBaker and Taylor$bBTCP$nBK0007510234
=938  \\$aBaker & Taylor$bBKTY$c26.00$d19.50$i1416570519$n0007510234$sactive
=938  \\$aYBP Library Services$bYANK$n2761479
=994  \\$a02$bZRK

