=LDR  01497cam  22003618a 4500
=001  335210
=005  20160611221057.0
=008  080710s2008\\\\wau\\\\\\\\\\\000\0\eng\\
=010  \\$a  2008030393
=020  \\$a9780786949649
=020  \\$a0786949643
=035  \\$a(OCoLC)ocn233798893
=040  \\$aDLC$cDLC$dBAKER$dUPZ$dIH9$dKLC$dUtOrBLW
=049  \\$aZPJA
=050  00$aPS3569.A462345$bP57 2008
=082  00$a813/.54$222
=100  1\$aSalvatore, R. A.,$d1959-
=245  14$aThe pirate king /$cR.A. Salvatore.
=260  \\$aRenton, WA :$bWizards of the Coast,$c2008.
=263  \\$a0810
=300  \\$a347 pages ;$c25 cm.
=336  \\$atext$btxt$2rdacontent
=337  \\$aunmediated$bn$2rdamedia
=338  \\$avolume$bnc$2rdacarrier
=490  1\$aTransitions ;$vbk. 2
=520  \\$aThe Arcane Brotherhood has long held the city of Luskan in their power, but when corruption eats away at their ranks, Captain Deudermont comes to the rescue of a city that has become a safe haven for the Sword Coast's most dangerous pirates. But rescuing a city from itself may not be as easy as Deudermont thinks, and when Drizzt can't talk him out of it, he'll be forced to help.
=650  \0$aDrizzt Do'Urden (Fictitious character)$vFiction.
=650  \0$aDwarfs$vFiction.
=650  \0$aForgotten realms (Imaginary place)$vFiction.
=650  \0$aImaginary wars and battles$vFiction.
=655  \7$aFantasy fiction.$2gsafd
=830  \0$aTransitions (Palgrave Macmillan (Firm)) ;$vbk. 2.
=914  \\$a1095349

