=LDR  01109cam  2200337Ia 4500
=001  337436
=005  20160611221305.0
=008  071208s2008\\\\nyu\\\\\\\\\\\000\f\eng\d
=020  \\$a0451462238
=020  \\$a9780451462237 (pbk.) :$c{dollar}7.99
=035  \\$a(OCoLC)ocn183268039
=035  \\$a(OCoLC)183268039
=040  \\$aBTCTA$cBTCTA$dBAKER$dOCO$dGRR$dY#4$dUtOrBLW
=100  1\$aCaine, Rachel.
=245  10$aGale force :$ba weather warden novel /$cRachel Caine.
=260  \\$aNew York, N.Y. :$bRoc/New American Library,$c2008.
=300  \\$a308 pages ;$c18 cm.
=336  \\$atext$btxt$2rdacontent
=337  \\$aunmediated$bn$2rdamedia
=338  \\$avolume$bnc$2rdacarrier
=490  1\$aWeather warden series ;$vbk. 07
=500  \\$a"A ROC book"--T.p.
=650  \0$aBaldwin, Joanne (Fictitious character)$vFiction.
=650  \0$aWeather$vFiction.
=650  \0$aWeather control$vFiction.
=650  \0$aClimatic changes$vFiction.
=650  \0$aEarthquakes$vFiction.
=650  \0$aMagic$vFiction.
=651  \0$aFlorida$vFiction.
=800  1\$aCaine, Rachel.$tWeather warden series;$vbk. 07.
=914  \\$a1100414

