=LDR  01292cam  2200361Ia 4500
=001  337437
=005  20160611221305.0
=008  041230s2005\\\\nyu\\\\\\\\\\\000\1\eng\d
=010  \\$a  2005587909
=020  \\$a0451460103 (pbk.)
=020  \\$a9780451460103 (pbk.)
=035  \\$a(OCoLC)ocm57351770 
=035  \\$a(OCoLC)57351770
=040  \\$aGP4$cGP4$dMR0$dDLC$dOCL$dBAKER$dBTCTA$dY#4$dUtOrBLW
=050  \4$aPS3603.A3754$bC45 2005x
=082  04$a813/.6
=100  1\$aCaine, Rachel.
=245  10$aChill factor /$cRachel Caine.
=260  \\$aNew York :$bNew American Library,$c2005.
=300  \\$a337 pages ;$c18 cm.
=336  \\$atext$btxt$2rdacontent
=337  \\$aunmediated$bn$2rdamedia
=338  \\$avolume$bnc$2rdacarrier
=490  1\$aBook three of the Weather warden series
=500  \\$a"A ROC book."
=500  \\$a"ROC fantasy"--Spine.
=650  \0$aBaldwin, Joanne (Fictitious character)$vFiction.
=650  \0$aWeather control$vFiction.
=655  \7$aFantasy fiction.$2gsafd
=800  1\$aCaine, Rachel.$tWeather warden series;$vbk. 3.
=856  42$3Contributor biographical information$uhttp://www.loc.gov/catdir/enhancements/fy0718/2005587909-b.html
=856  42$3Publisher description$uhttp://www.loc.gov/catdir/enhancements/fy0718/2005587909-d.html
=914  \\$a1100415

