=LDR  00789nam  2200277Ma 4500
=001  337438
=005  20160611221305.0
=008  060705s2005\\\\nyu\\\\\\\\\\\000\1\eng\d
=010  \\$a  2006567559
=020  \\$a045146057X
=020  \\$a9780451460578
=035  \\$a(OCoLC)ocn228465801
=035  \\$a(OCoLC)228465801
=040  \\$aJSG$cJSG$dBAKER$dY#4$dUtOrBLW
=100  1\$aCaine, Rachel.
=245  10$aWindfall /$cRachel Caine.
=260  \\$aNew York :$bROC,$c2005.
=300  \\$a342 pages ;$c18 cm.
=336  \\$atext$btxt$2rdacontent
=337  \\$aunmediated$bn$2rdamedia
=338  \\$avolume$bnc$2rdacarrier
=490  1\$aWeather warden ;$v4
=650  \0$aBaldwin, Joanne (Fictitious character)$vFiction.
=650  \0$aFantasy fiction.
=830  \0$aWeather warden ;$v4.
=914  \\$a1100416

