=LDR  01189cam  22003614a 4500
=001  340356
=005  20160611221555.0
=008  080804s2008\\\\nyu\\\\\\\\\\\000\1\eng\\
=010  \\$a  2008034076
=020  \\$a0765318822
=020  \\$a9780765318824
=035  \\$a(OCoLC)ocn216941720
=035  \\$a(OCoLC)216941720
=040  \\$aDLC$cDLC$dBTCTA$dBAKER$dYDXCP$dUKM$dC#P$dUtOrBLW
=049  \\$aZPPA
=082  00$a813/.6$222
=100  1\$aBear, Elizabeth.
=245  10$aAll the windwracked stars /$cElizabeth Bear.
=250  \\$a1st ed.
=260  \\$aNew York :$bTor,$c2008.
=300  \\$a368 pages ;$c22 cm
=336  \\$atext$btxt$2rdacontent
=337  \\$aunmediated$bn$2rdamedia
=338  \\$avolume$bnc$2rdacarrier
=500  \\$a"A Tom Doherty Associates Book."
=500  \\$a"A sci fi essential book"--Jacket.
=650  \0$aJustice$vFiction.
=650  \0$aSwords$vFiction.
=650  \0$aMagic$vFiction.
=655  \7$aScience fiction.$2gsafd
=856  42$3Contributor biographical information$uhttp://www.loc.gov/catdir/enhancements/fy0837/2008034076-b.html
=856  42$3Publisher description$uhttp://www.loc.gov/catdir/enhancements/fy0837/2008034076-d.html
=914  \\$a1107054

