=LDR  01531cam  22004214a 4500
=001  340860
=005  20160611221623.0
=008  080831s2009\\\\nyu\\\\\\\\\\\000\1\eng\\
=010  \\$a  2008038032
=020  \\$a9780765319739
=020  \\$a076531973X
=020  \\$a9780765323460 (pbk.)
=020  \\$a076532346X (pbk.)
=035  \\$a(OCoLC)ocn184823044
=035  \\$a(OCoLC)184823044
=040  \\$aDLC$cDLC$dBTCTA$dBAKER$dYDXCP$dUKM$dUPZ$dC#P$dUtOrBLW
=049  \\$aZPPA
=082  00$a813/.54$222
=100  1\$aWeis, Margaret.
=245  10$aBones of the dragon /$cMargaret Weis and Tracy Hickman.
=250  \\$a1st ed.
=260  \\$aNew York :$bTor,$c2009.
=300  \\$a414 pages ;$c25 cm
=336  \\$atext$btxt$2rdacontent
=337  \\$aunmediated$bn$2rdamedia
=338  \\$avolume$bnc$2rdacarrier
=500  \\$a"A Tom Doherty Associates book."
=520  \\$aThe Vindras people led by Skylan Ivorson must undertake a quest to recover the mysterious and hidden Five Bones of the Vektan Dragons in order to save the Old Gods and themselves.
=650  \0$aHeroes$vFiction.
=650  \0$aGods$vFiction.
=650  \0$aDragons$vFiction.
=650  \0$aMagic$vFiction.
=650  \0$aQuests (Expeditions)$vFiction.
=655  \7$aFantasy fiction.$2gsafd
=700  1\$aHickman, Tracy.
=856  42$3Contributor biographical information$uhttp://www.loc.gov/catdir/enhancements/fy0901/2008038032-b.html
=856  42$3Publisher description$uhttp://www.loc.gov/catdir/enhancements/fy0901/2008038032-d.html
=914  \\$a1108182

