=LDR  01744cam  2200325Ia 4500
=001  340953
=005  20160611221628.0
=008  071223t20082008cau\\\\\\\\\\\000\f\eng\d
=020  \\$a9781597801393
=020  \\$a1597801399
=035  \\$a(OCoLC)ocn185031702
=035  \\$a(OCoLC)185031702
=040  \\$aBTCTA$cBTCTA$dBAKER$dJED$dWIQ$dIF9$dUtOrBLW
=049  \\$aZPPA
=100  1\$aAsher, Neal L.,$d1961-
=245  10$aShadow of the scorpion :$ba novel of the polity /$cNeal Asher.
=250  \\$a1st ed.
=260  \\$aSan Francisco :$bNight Shade Books,$c[2008], {copy}2008.
=300  \\$a242 pages ;$c22 cm
=336  \\$atext$btxt$2rdacontent
=337  \\$aunmediated$bn$2rdamedia
=338  \\$avolume$bnc$2rdacarrier
=520  \\$aRaised to adulthood during the end of the war between the human Polity and a vicious alien race, the Prador, Ian Cormac is haunted by childhood memories of a sinister scorpion-shaped war drone and the burden of losses he doesn't remember. Cormac signs up with Earth Central Security and is sent out to help restore and maintain order on worlds devastated by the war. There he discovers that though the Prador remain as murderous as ever, they are not anywhere near as treacherous or dangerous as some of his fellow humans, some closer to him than he would like. Amidst the ruins left by wartime genocides, Cormac will discover in himself a cold capacity for violence and learn some horrible truths about his own past while trying to stay alive on his course of vengeance.
=650  \0$aImaginary wars and battles$vFiction.
=650  \0$aRevenge$vFiction.
=650  \0$aMurderers$vFiction.
=650  \0$aHuman-alien encounters$vFiction.
=655  \7$aScience fiction.$2gsafd
=914  \\$a1108377
=994  \\$aC0$bZPP

