=LDR  01157cam  2200325K  4500
=001  342515
=005  20160611221758.0
=008  080706t20092009nyu\\\\\\\\\\\000\1\eng\d
=020  \\$a9780756405304
=020  \\$a0756405300
=035  \\$a(OCoLC)ocn233548909
=035  \\$a(OCoLC)233548909
=040  \\$aBTCTA$cBTCTA$dBAKER$dDOV$dUPZ$dZPP$dUtOrBLW
=049  \\$aZPPA
=082  04$a813/.6$222
=100  1\$aCherryh, C. J.
=245  10$aRegenesis /$cC.J. Cherryh.
=260  \\$aNew York :$bDAW Books,$c[2009], {copy}2009.
=300  \\$a585 pages ;$c24 cm
=336  \\$atext$btxt$2rdacontent
=337  \\$aunmediated$bn$2rdamedia
=338  \\$avolume$bnc$2rdacarrier
=520  \\$aRegenesis continues the story of Ariane Emory PR, the genetic clone of one of the greatest scientists humanity has ever produced, and of her search for the murderer of her progenitor--the original Ariane Emory.
=650  \0$aEmory, Ariane (Fictitious character)$vFiction.
=650  \0$aHuman cloning$vFiction.
=650  \0$aMurder$xInvestigation$vFiction.
=655  \7$aScience fiction.$2gsafd
=830  \0$aDAW book collectors ;$vno. 1460.
=914  \\$a1111313
=994  \\$aC0$bZPP

