=LDR  01268cam  22003374a 4500
=001  343661
=005  20160611221904.0
=008  080717s2008\\\\nyub\\\\\\\\\\000\1\eng\\
=010  \\$a  2008031818
=020  \\$a9780441016365
=020  \\$a0441016367
=035  \\$a(OCoLC)ocn213308633
=035  \\$a(OCoLC)213308633
=040  \\$aDLC$cDLC$dIG#$dBTCTA$dBAKER$dUPZ$dWIQ$dZPP$dUtOrBLW
=049  \\$aZPPA
=082  00$a813/.54$222
=100  1\$aShinn, Sharon.
=245  10$aFortune and fate /$cSharon Shinn.
=250  \\$a1st ed.
=260  \\$aNew York :$bAce Books,$c2008.
=300  \\$a403 pages :$bmap ;$c24 cm
=336  \\$atext$btxt$2rdacontent
=337  \\$aunmediated$bn$2rdamedia
=338  \\$avolume$bnc$2rdacarrier
=500  \\$a"A novel of the twelve houses"--Dust jacket.
=520  \\$aA troubled Warrior Rider named Wen faces her greatest challenge in the last place she ever expected--behind the walls of a great family estate known as Fortune, where Wen has been hired to guard the young heiress. Once there, she will find that fate has other plans for her.
=650  \0$aInheritance and succession$vFiction.
=650  \0$aMagic$vFiction.
=655  \7$aFantasy fiction.$2gsafd
=800  1\$aShinn, Sharon. .$tTwelve Houses ;$vbk. 5.
=914  \\$a1113676

