=LDR  01140cam  22003373  4500
=001  345101
=005  20160612053805.0
=008  080531s2008\\\\xx\b\\\\\\\\\\000\1\eng\d
=020  \\$a9781595540898
=020  \\$a159554089X
=035  \\$a(OCoLC)ocn230195345
=035  \\$a(OCoLC)230195345
=040  \\$aBTCTA$cBTCTA$dBAKER$dJHY$dZPP$dUtOrBLW
=049  \\$aZPPA
=100  1\$aLawhead, Stephen R.,$d1950-
=245  10$aScarlet /$cStephen R. Lawhead.
=260  \\$aNashville, Tenn :$bThomas Nelson, Inc.,$c2008.
=300  \\$a440 pages :$bmap ;$c22 cm.
=336  \\$atext$btxt$2rdacontent
=337  \\$aunmediated$bn$2rdamedia
=338  \\$avolume$bnc$2rdacarrier
=490  1\$aThe King Raven trilogy ;$vbk. 2
=526  \\$aAccelerated Reader$bUG$c6.8$d21$e21$z169787
=600  \0$aRobin Hood$c(Legendary character)$vFiction.
=651  \0$aGreat Britain$xHistory$yNorman period, 1066-1154$vFiction.
=651  \0$aWales$xHistory$y1063-1284$vFiction.
=655  \7$aHistorical fiction.$2gsafd
=655  \0$aYoung adult fiction.
=800  1\$aLawhead, Stephen R.,$d1950-$tKing Raven trilogy ;$vbk. 2.
=914  \\$a1116667
=994  \\$aC0$bZPP

