=LDR  01259nam  2200349Ia 4500
=001  345546
=005  20170120090502.0
=008  040716t20042003nyu\\\\\\\\\\\000\1\eng\d
=020  \\$a9780441011797 : PAP$c7.99
=020  \\$a0441011799 : PAP$c7.99
=020  \\$a0441010725
=035  \\$a(OCoLC)ocm55956049 
=035  \\$a(OCoLC)55956049
=035  \\$a210998
=040  \\$aZAB$cZAB$dBAKER$dBTCTA$dH{dollar}Y$dUtOrBLW
=049  \\$aH{dollar}YA
=100  1\$aStross, Charles.
=245  10$aSingularity sky /$cCharles Stross.
=250  \\$aAce mass market ed.
=260  \\$aNew York :$bAce Books,$c2004, {copy}2003.
=300  \\$a337 pages ;$c18 cm
=336  \\$atext$btxt$2rdacontent
=337  \\$aunmediated$bn$2rdamedia
=338  \\$avolume$bnc$2rdacarrier
=520  \\$aFour hundred years in the future, time travel has been perfected and groundbreaking developments in Artificial Intelligence have been made. But is this a great step forward for humanity--or its ultimate downfall? --Publisher
=650  \0$aSpace colonies$vFiction.
=655  \7$aScience fiction.$2gsafd
=914  \\$a1117401
=994  \\$aC0$bH{dollar}Y
=029  1\$aNZ1$b11678805
=938  \\$aBaker & Taylor$bBKTY$c7.99$d6.39$i0441011799$n0004438188$sactive
=938  \\$aBaker and Taylor$bBTCP$nBK0004438188

