=LDR  01096cam  2200349Ia 4500
=001  345547
=005  20160612053821.0
=008  070706t20071998nyu\\\\\\\\\\\000\1\eng\d
=020  \\$a0765319055
=020  \\$a9780765319050
=029  1\$aNZ1$b11544239
=035  \\$a(OCoLC)ocn153578197
=035  \\$a(OCoLC)153578197
=040  \\$aYDXCP$cYDXCP$dBAKER$dIFK$dOCLCG$dH{dollar}Y$dUtOrBLW
=049  \\$aH{dollar}YA
=050  \0$aPS
=100  1\$aWilson, Robert Charles,$d1953-
=245  10$aDarwinia /$cRobert Charles Wilson.
=250  \\$a1st Orb ed.
=260  \\$aNew York :$bOrb,$c2007, {copy}1998.
=300  \\$a320 pages ;$c21 cm
=336  \\$atext$btxt$2rdacontent
=337  \\$aunmediated$bn$2rdamedia
=338  \\$avolume$bnc$2rdacarrier
=500  \\$a"A Tom Doherty Associates book."
=526  \\$aAccelerated Reader$bUG$c6.1$d13$e13$z53683
=655  \7$aScience fiction.$2gsafd
=655  \7$aAlternative histories (Fiction)$2gsafd
=914  \\$a1117402
=938  \\$aYBP Library Services$bYANK$n2550557
=938  \\$aBaker & Taylor$bBKTY$c14.95$d11.21$i0765319055$n0007182831$sactive
=994  \\$aC0$bH{dollar}Y

