=LDR  02441cam  2200421Ka 4500
=001  345883
=005  20170621125854.0
=008  110420r20112000nyub\\\\\\\\\\000\1\eng\d
=020  \\$a9780553573428 (pbk.)
=020  \\$a055357342X (pbk.)
=020  \\$a0553106635
=020  \\$a0553381709 (pbk.)
=020  \\$a9780553381702 (pbk.)
=035  \\$a(OCoLC)ocn713573458
=035  \\$a161333
=035  \\$a433466
=040  \\$aIEB$cIEB$dBTCTA$dUtOrBLW
=049  \\$aZPJA
=050  14$aPS3563.A7239$bS7 2011
=082  04$a813/.54$222
=100  1\$aMartin, George R. R.
=245  12$aA storm of swords /$cGeorge R.R. Martin.
=250  \\$aBantam Books mass market ed.
=260  \\$aNew York :$bBantam Books,$c2011, {copy}2000.
=300  \\$a1,177 pages :$bmaps ;$c18 cm.
=336  \\$atext$btxt$2rdacontent
=337  \\$aunmediated$bn$2rdamedia
=338  \\$avolume$bnc$2rdacarrier
=490  1\$aSong of ice and fire ;$vbk. 3
=520  \\$aOf the five contenders for power, one is dead, another in disfavor, and still the wars rage as violently as ever, as alliances are made and broken. Joffrey, of House Lannister, sits on the Iron Throne, the uneasy ruler of the land of the Seven Kingdoms. His most bitter rival, Lord Stannis, stands defeated and disgraced, the victim of the jealous sorceress who holds him in her evil thrall. But young Robb, of House Stark, still rules the North from the fortress of Riverrun. Robb plots against his despised Lannister enemies, even as they hold his sister hostage at King's Landing, the seat of the Iron Throne. Meanwhile, making her way across a blood-drenched continent is the exiled queen, Daenerys, mistress of the only three dragons still left in the world. But as opposing forces maneuver for the final titanic showdown, an army of barbaric wildlings arrives from the outermost line of civilization. In their vanguard is a horde of mythical Others--a supernatural army of the living dead whose animated corpses are unstoppable. As the future of the land hangs in the balance, no one will rest until the Seven Kingdoms have exploded in a veritable storm of swords.
=526  \\$aAccelerated Reader$bUG$c5.2$d63$e63$z148301
=650  \0$aImaginary wars and battles$vFiction.
=650  \0$aKings and rulers$vFiction.
=650  \0$aMagic$vFiction.
=655  \7$aFantasy fiction.$2gsafd
=800  1\$aMartin, George R. R.$tSong of ice and fire;$vbk. 3.
=914  \\$a1118044
=994  \\$aC0$bZPJ

