=LDR  01271cam  22003978a 4500
=001  348086
=005  20160611222316.0
=008  080827s2009\\\\nyu\\\\\\\\\\\000\1\eng\\
=010  \\$a  2008038024
=020  \\$a9780765321275
=020  \\$a0765321270
=035  \\$a(OCoLC)ocn243544493
=035  \\$a(OCoLC)243544493
=040  \\$aDLC$cDLC$dBTCTA$dBAKER$dYDXCP$dUKM$dUtOrBLW
=049  \\$aZPPA
=082  00$a813/.6$222
=100  1\$aScholes, Ken.
=245  10$aLamentation /$cKen Scholes.
=250  \\$a1st ed.
=260  \\$aNew York :$bTor,$c2009.
=263  \\$a0902
=300  \\$a366 pages :$bmap ;$c25 cm.
=336  \\$atext$btxt$2rdacontent
=337  \\$aunmediated$bn$2rdamedia
=338  \\$avolume$bnc$2rdacarrier
=490  1\$aPsalms of Isaak
=500  \\$a"A Tom Doherty Associates book."
=650  \0$aAlliances$vFiction.
=650  \0$aNobility$vFiction.
=650  \0$aImaginary wars and battles$vFiction.
=655  \7$aFantasy fiction.$2gsafd
=856  42$3Contributor biographical information$uhttp://www.loc.gov/catdir/enhancements/fy0901/2008038024-b.html
=856  42$3Publisher description$uhttp://www.loc.gov/catdir/enhancements/fy0901/2008038024-d.html
=800  1\$aScholes, Ken.$tPsalms of Isaak.
=914  \\$a1122597
=994  \\$aC0$bZPP

