=LDR  01206cam  2200349 a 4500
=001  350604
=005  20160611222541.0
=008  070530t20072007nyub\\\\\\\\\\000\1\eng\\
=010  \\$a  2007022537
=020  \\$a9780451461858
=020  \\$a0451461851
=035  \\$a(OCoLC)ocn137306027
=035  \\$a(OCoLC)137306027
=040  \\$aDLC$cDLC$dBAKER$dOCO$dC#P$dBWX$dVP@$dYDXCP$dBTCTA$dGRR$dY#4$dUtOrBLW
=050  00$aPS3611.N564$bD736 2007
=082  00$a813/.6$222
=100  1\$aKnight, E. E.
=245  10$aDragon outcast /$cE.E. Knight.
=260  \\$aNew York :$bRoc,$c[2007], {copy}2007.
=300  \\$a354 pages :$bmap ;$c23 cm.
=336  \\$atext$btxt$2rdacontent
=337  \\$aunmediated$bn$2rdamedia
=338  \\$avolume$bnc$2rdacarrier
=490  1\$aBook three of The age of fire
=500  \\$a"A Roc book."
=650  \0$aDragons$vFiction.
=650  \0$aFantasy fiction.$2gsafd
=655  \7$aFantasy fiction.$2gsafd
=800  1\$aKnight, E. E.$tAge of fire;$vbk. 3.
=856  42$3Contributor biographical information$uhttp://www.loc.gov/catdir/enhancements/fy0729/2007022537-b.html
=856  42$3Publisher description$uhttp://www.loc.gov/catdir/enhancements/fy0729/2007022537-d.html
=914  \\$a1127503

