=LDR  01139cam  2200349Ka 4500
=001  352552
=005  20160611222729.0
=008  080711s2009\\\\waua\\\\\\\\\\000\1\eng\d
=020  \\$a9780786950546 (pbk.)
=020  \\$a0786950544 (pbk.)
=035  \\$a(OCoLC)ocn233939341
=035  \\$a(OCoLC)233939341
=040  \\$aBTCTA$cBTCTA$dBAKER$dNTG$dUtOrBLW
=049  \\$aOEKA
=092  \\$aY FORGOTTENRE
=100  1\$aSalvatore, R. A.,$d1959-
=245  14$aThe silent blade /$cR.A. Salvatore.
=260  \\$aRenton, WA :$bWizards of the Coast,$c[2009]
=300  \\$a408 pages :$bmap ;$c18 cm.
=336  \\$atext$btxt$2rdacontent
=337  \\$aunmediated$bn$2rdamedia
=338  \\$avolume$bnc$2rdacarrier
=490  1\$aLegend of Drizzt
=500  \\$aOriginally published: 1998.
=500  \\$a"A dungeons & dragons novel"--P. [4] of cover.
=500  \\$a"Forgotten realms."
=650  \0$aDrizzt Do'Urden (Fictitious character)$vFiction.
=650  \0$aForgotten realms (Imaginary place)$vFiction.
=655  \7$aFantasy fiction.$2lcgft
=800  1\$aSalvatore, R. A.,$d1959-$tLegend of Drizzt;$vbk 11.
=914  \\$a1131692
=994  \\$aC0$bOEK

