=LDR  01219cam  22003498a 4500
=001  353238
=005  20160611222810.0
=008  081210s2009\\\\nyub\\\\\\\\\\000\1\eng\\
=010  \\$a  2008053255
=020  \\$a9780446198035
=020  \\$a044619803X
=035  \\$a(OCoLC)ocn281099190
=035  \\$a(OCoLC)281099190
=040  \\$aDLC$cDLC$dYDXCP$dUPZ$dWIQ$dUtOrBLW
=049  \\$aZPPA
=082  00$a813/.6$222
=100  1\$aCarey, Jacqueline,$d1964-
=245  10$aNaamah's kiss /$cJacqueline Carey.
=250  \\$a1st ed.
=260  \\$aNew York :$bGrand Central Pub.,$c2009.
=263  \\$a0906
=300  \\$a645 pages :$bmap ;$c24 cm
=336  \\$atext$btxt$2rdacontent
=337  \\$aunmediated$bn$2rdamedia
=338  \\$avolume$bnc$2rdacarrier
=520  \\$a"After Moirin undergoes the rites of adulthood, she finds divine acceptance...on the condition that she fulfill an unknown destiny that lies somewhere beyond the ocean"--Provided by publisher.
=650  \0$aMagicians$vFiction.
=650  \0$aQuests (Expeditions)$vFiction.
=655  \7$aFantasy fiction.$2gsafd
=800  1\$aCarey, Jacqueline,$d1964-$tMoirin trilogy ;$v1.
=800  1\$aCarey, Jacqueline,$d1964-$tKushiel's legacy.;$v7.
=914  \\$a1133245

