=LDR  01421cam  2200361Ia 4500
=001  353331
=005  20160612054257.0
=008  061130s2006\\\\nyuab\\\\\\\\\000\1\eng\\
=020  \\$a0812577566
=020  \\$a9780812577563
=035  \\$a(OCoLC)ocm76829945 
=035  \\$a(OCoLC)76829945
=040  \\$aISO$cISO$dBAKER$dBTCTA$dOCLCQ$dOCLCG$dCN5O8$dUtOrBLW
=049  \\$aZPPA
=082  04$a813/.54$222
=082  14$aFIC$214
=100  1\$aJordan, Robert,$d1948-2007.
=245  10$aKnife of dreams /$cRobert Jordan.
=250  \\$a1st mass market ed.
=260  \\$aNew York :$bTor,$c2006.
=300  \\$a860 pages :$billustrations, maps ;$c17 cm.
=336  \\$atext$btxt$2rdacontent
=337  \\$aunmediated$bn$2rdamedia
=338  \\$avolume$bnc$2rdacarrier
=490  1\$aThe Wheel of time ;$v[bk. 11]
=500  \\$a"A Tom Doherty Associates book."
=520  \\$aAn eleventh installment in the best-selling series finds Rand al'Thor, the Dragon Reborn, preparing for a confrontation with the Dark One in order to save humanity, a feat that is challenged by the murderous Forsaken and Rand's need to acquire the remaining seals on the Dark One's prison.
=526  \\$aAccelerated Reader$bUG$c6.6$d52$e52$z103039
=650  \0$aRand al'Thor (Fictitious character)$vFiction.
=655  \7$aFantasy fiction.$2gsafd
=800  1\$aJordan, Robert,$d1948-2007.$tWheel of time ;$vbk. 11.
=914  \\$a1133437
=994  \\$aC0$bZPP

