=LDR  01191cam  22003738a 4500
=001  354765
=005  20170108014552.0
=008  090406s2009\\\\nyu\\\\\\\\\\\000\1\eng\\
=010  \\$a  2009013775
=020  \\$a9780345497512 (alk. paper)
=020  \\$a0345497511 (alk. paper)
=035  \\$a(OCoLC)ocn251203637
=035  \\$a(OCoLC)251203637
=040  \\$aDLC$cDLC$dBTCTA$dDOV$dYDXCP$dUtOrBLW
=049  \\$aZPPA
=082  00$a823/.914$222
=082  04$a823/.92$222
=100  1\$aMi{acute}eville, China.
=245  14$aThe city & the city /$cChina Mi{acute}eville.
=246  3\$aCity and the city
=250  \\$a1st ed.
=260  \\$aNew York :$bDel Rey Ballantine Books,$c2009.
=263  \\$a0906
=300  \\$a312 pages ;$ccm.
=336  \\$atext$btxt$2rdacontent
=337  \\$aunmediated$bn$2rdamedia
=338  \\$avolume$bnc$2rdacarrier
=520  \\$aInvestigating the murder of a woman draws Inspector Borl{acute}u's awareness of an impending battle between two rival cities.
=526  \\$aAccelerated Reader$bUG$c5.0$d15$e15$z151286
=650  \0$aMurder$xInvestigation$vFiction.
=655  \7$aFantasy fiction.$2gsafd
=655  \7$aMystery fiction.$2gsafd
=914  \\$a1136697
=994  \\$aC0$bZPP

