=LDR  01285cam  2200337Ia 4500
=001  354884
=005  20160611222943.0
=008  050928r20052004waub\\\\\\\\\\000\1\eng\d
=020  \\$a9780786939954 (pbk.)
=020  \\$a0786939958 (pbk.)
=035  \\$a(OCoLC)ocm61723797 
=035  \\$a(OCoLC)61723797
=040  \\$aXVQ$cXVQ$dBAKER$dBTCTA$dOCLCG$dUtOrBLW
=050  14$aPS3569.A462345$bA6 2005
=082  04$a813/.54$222
=100  1\$aSalvatore, R. A.,$d1959-
=245  10$aPaths of darkness /$cR.A. Salvatore.
=250  \\$aCollector's ed.
=260  \\$aRenton, WA :$bWizards of the Coast ;$a[New York, N.Y.] :$bDistributed in the U.S. by Holtzbrinck Pub.,$c[2005], {copy}2004.
=300  \\$a1,166 pages :$bmap ;$c23 cm.
=336  \\$atext$btxt$2rdacontent
=337  \\$aunmediated$bn$2rdamedia
=338  \\$avolume$bnc$2rdacarrier
=490  0\$aForgotten realms
=500  \\$aAn omnibus vulume chronicles the epic adventures of elf Drizzt Do'Urden in four fantasy novels.
=505  0\$aThe silent blade -- The spine of the world -- Servant of the shard -- Sea of swords.
=650  \0$aFantasy fiction, American.
=800  1\$aSalvatore, R. A.,$d1959-$tPaths of darkness;$v1-4.
=800  1\$aSalvatore, R. A.,$d1959-$tSellswords ;$v1.
=830  \0$aForgotten realms.
=914  \\$a1136891

