=LDR  01204cam  22003858a 4500
=001  355006
=005  20160611222950.0
=008  081114s2009\\\\nyu\\\\\\\\\\\000\1\eng\\
=010  \\$a  2008049260
=020  \\$a9781591026990 (pbk. : alk. paper)
=020  \\$a1591026997 (pbk. : alk. paper)
=029  1\$aNZ1$b12779607
=035  \\$a(OCoLC)ocn223919178
=035  \\$a(OCoLC)223919178
=040  \\$aDLC$cDLC$dBTCTA$dBAKER$dYDXCP$dCDX$dE9G$dUtOrBLW
=043  \\$aa-ii---
=049  \\$aE9GA
=050  00$aPR6063.C38$bC93 2009
=082  00$a823/.914$222
=100  1\$aMcDonald, Ian,$d1960-
=245  10$aCyberabad days /$cIan McDonald.
=260  \\$aAmherst, N.Y. :$bPyr,$c2009.
=263  \\$a0902
=300  \\$apages ;$ccm.
=336  \\$atext$btxt$2rdacontent
=337  \\$aunmediated$bn$2rdamedia
=338  \\$avolume$bnc$2rdacarrier
=651  \0$aIndia$vFiction.
=655  \7$aScience fiction.$2gsafd
=914  \\$a1137113
=938  \\$aBaker and Taylor$bBTCP$nBK0007749017
=938  \\$aBaker & Taylor$bBKTY$c15.00$d11.25$i1591026997$n0007749017$sactive
=938  \\$aYBP Library Services$bYANK$n2845128
=938  \\$aCoutts Information Services$bCOUT$n8214399$c15.00 USD
=994  \\$aC0$bE9G

