=LDR  01220cam  22003734a 4500
=001  356850
=005  20160611223135.0
=008  081024s2009\\\\nyu\\\\\\\\\\\000\1\eng\\
=010  \\$a  2008046472
=020  \\$a9780765318992
=020  \\$a0765318997
=035  \\$a(OCoLC)ocn243544736
=035  \\$a(OCoLC)243544736
=040  \\$aDLC$cDLC$dBTCTA$dBAKER$dYDXCP$dUKM$dCD5$dC#P$dUtOrBLW
=049  \\$aZPPA
=082  00$a813/.6$222
=100  1\$aKollin, Dani.
=245  14$aThe unincorporated man /$cDani Kollin and Eytan Kollin.
=250  \\$a1st ed.
=260  \\$aNew York :$bTor,$c2009.
=300  \\$a478 pages ;$c24 cm
=336  \\$atext$btxt$2rdacontent
=337  \\$aunmediated$bn$2rdamedia
=338  \\$avolume$bnc$2rdacarrier
=500  \\$a"A Tom Doherty Associates book."
=650  \0$aCryonics$vFiction.
=650  \0$aBillionaires$vFiction.
=650  \0$aCorporations$vFiction.
=655  \7$aScience fiction.$2gsafd
=700  1\$aKollin, Eytan.
=856  42$3Contributor biographical information$uhttp://www.loc.gov/catdir/enhancements/fy0902/2008046472-b.html
=856  42$3Publisher description$uhttp://www.loc.gov/catdir/enhancements/fy0902/2008046472-d.html
=914  \\$a1141022
=994  \\$aC0$bZPP

