=LDR  01566cam  22003738a 4500
=001  357648
=005  20160611223220.0
=008  090115s2009\\\\nyub\\\\\\\\\\000\1\eng\\
=010  \\$a  2009001510
=020  \\$a9780765315038
=020  \\$a0765315033
=035  \\$a(OCoLC)ocn290437083
=035  \\$a(OCoLC)290437083
=040  \\$aDLC$cDLC$dBTCTA$dYDXCP$dUPZ$dJRG$dUtOrBLW
=049  \\$aZPPA
=082  00$a813/.54$222
=100  1\$aWeber, David,$d1952-
=245  10$aBy heresies distressed /$cDavid Weber.
=250  \\$a1st ed.
=260  \\$aNew York :$bTor,$c2009.
=300  \\$a492 pages :$bmap ;$c24 cm
=336  \\$atext$btxt$2rdacontent
=337  \\$aunmediated$bn$2rdamedia
=338  \\$avolume$bnc$2rdacarrier
=500  \\$a"A Tom Doherty Associates book."
=520  \\$aThe Kingdom of Charis and the Kingdom of Chisholm have joined together, pledged to stand against the tyranny of a corrupt Church. The youthful Queen Sharleyan of Chisholm has wed King Cayleb of Charis, forging a single dynasty, a single empire, dedicated to the defense of human freedom. Yet there are things Sharleyan still does not know. Secrets Cayleb has not been permitted to share, even with her--and these secrets may threaten all they have achieved between them ... and her own life.
=650  \0$aKings and rulers$vFiction.
=650  \0$aQueens$vFiction.
=650  \0$aReligion$vFiction.
=655  \7$aScience fiction.$2gsafd$2lcgft
=655  \7$aFantasy fiction.$2gsafd
=800  1\$aWeber, David,$d1952-$tSafehold series;$v3.
=914  \\$a1142435
=994  \\$aC0$bZPP

