=LDR  01468cam  22003494a 4500
=001  357651
=005  20160611223220.0
=008  090331s2009\\\\nyub\\\\\\\\\\000\1\eng\\
=010  \\$a  2009012915
=020  \\$a9780765317902
=020  \\$a0765317907
=035  \\$a(OCoLC)ocn294887437
=040  \\$aDLC$cDLC$dBTCTA$dYDXCP$dUPZ$dC#P$dBWX$dUtOrBLW
=049  \\$aZPJA
=050  00$aPS3569.A462345$bD36 2009
=082  00$a813/.54$222
=082  04$a810
=100  1\$aSalvatore, R. A.,$d1959-
=245  14$aThe dame /$cR.A. Salvatore.
=250  \\$a1st ed.
=260  \\$aNew York :$bTor,$c2009.
=300  \\$a400 pages :$bmap ;$c25 cm
=336  \\$atext$btxt$2rdacontent
=337  \\$aunmediated$bn$2rdamedia
=338  \\$avolume$bnc$2rdacarrier
=500  \\$a"A Tom Doherty Associates book."
=520  \\$aBransen Garibond, the Highwayman, held little real interest in the supremacy battles between the two most powerful lairds of Honce. To him the warring lairds were two sides of the same coin. Whichever side won, the outcome for the people of Honce would be the same, Bransen believed. A journey north, however, taught Bransen that his views were simplistic at best, and that some things--like honor and true friendship--might truly matter.
=650  \0$aImaginary wars and battles$vFiction.
=655  \7$aFantasy fiction.$2gsafd
=856  41$3Sample text$uhttp://www.loc.gov/catdir/enhancements/fy0916/2009012915-s.html
=914  \\$a1142438
=994  \\$aC0$bZPJ

