=LDR  01623cam  2200433 a 4500
=001  358902
=005  20160612054614.0
=008  050720r20051968nyu\\\\\\\\\\\000\1\eng\d
=010  \\$a  2005279511
=020  \\$a0345484266 (pbk.)
=020  \\$a9780345484260 (pbk.)
=035  \\$a(OCoLC)ocm61187192 
=035  \\$a(OCoLC)61187192
=040  \\$aAKD$cAKD$dDLC$dBAKER$dBTCTA$dUtOrBLW
=042  \\$alccopycat
=050  00$aPS3563.A255$bD74 2005
=082  00$a813/.54$222
=100  1\$aMcCaffrey, Anne.
=245  10$aDragonflight /$cAnne McCaffrey.
=250  \\$aDel Rey Books trade pbk. ed.
=260  \\$aNew York :$bBallantine Books,$c2005, {copy}1968.
=300  \\$a299 pages ;$c21 cm.
=336  \\$atext$btxt$2rdacontent
=337  \\$aunmediated$bn$2rdamedia
=338  \\$avolume$bnc$2rdacarrier
=490  1\$aDragonriders of Pern ;$v1
=500  \\$a"A short version of this novel, titled Dragonrider, first appeared in Analog, 1967."
=521  8\$a940L$bLexile
=526  \\$aAccelerated Reader$bUG$c6.9$d14$e14$z11711
=650  \0$aPern (Imaginary place)$vFiction.
=650  \0$aDragons$vFiction.
=650  \0$aLife on other planets$vFiction.
=650  \0$aSpace colonies$vFiction.
=655  \7$aScience fiction.$2gsafd
=800  1\$aMcCaffrey, Anne.$tDragonriders of Pern;$vv. 1.
=856  42$3Contributor biographical information$uhttp://www.loc.gov/catdir/enhancements/fy0703/2005279511-b.html
=856  42$3Publisher description$uhttp://www.loc.gov/catdir/enhancements/fy0703/2005279511-d.html
=856  41$3Sample text$uhttp://www.loc.gov/catdir/enhancements/fy0703/2005279511-s.html
=914  \\$a1144889

