=LDR  01683cam  22003738a 4500
=001  363122
=005  20160612054845.0
=008  090527t20092009nyub\\\\\\\\\\000\1\eng\\
=010  \\$a  2009021288
=020  \\$a0345458524 (alk. paper)
=020  \\$a9780345458520 (alk. paper)
=020  \\$a9780345458537 (pbk)
=035  \\$a(OCoLC)ocn299707065
=040  \\$aDLC$cDLC$dBTCTA$dYDXCP$dUPZ$dGZF$dP@N$dUtOrBLW
=049  \\$aZPJA
=050  00$aPS3552.R6596$bP75 2009
=082  00$a813/.54$222
=100  1\$aBrooks, Terry.
=245  12$aA princess of Landover /$cTerry Brooks.
=250  \\$a1st ed.
=260  \\$aNew York :$bDel Rey/Ballantine Books,$c[2009], {copy}2009.
=300  \\$a328 pages :$bmap ;$c25 cm.
=336  \\$atext$btxt$2rdacontent
=337  \\$aunmediated$bn$2rdamedia
=338  \\$avolume$bnc$2rdacarrier
=490  1\$aThe magic kingdom of Landover ;$v6
=520  \\$aBen Holiday, High Lord of the magic kingdom of Landover, and his wife Willow have sent their 15-year-old daughter Mistaya to our world to attend a prestigious girls' boarding school. Mistaya, Misty to her friends, is not pleased with the arrangement. She is forbidden to use her magic for any reason, can't understand why other girls her own age don't revere the natural world, and is too clever for her own good in coming up with activities definitely not contained in the private school charter.
=526  \\$aAccelerated Reader$bUG$c6.1$d18$e18$z132443
=650  \0$aMagic Kingdom of Landover (Imaginary place)$vFiction.
=650  \0$aMagic$vFiction.
=655  \7$aFantasy fiction.$2gsafd
=800  1\$aBrooks, Terry.$tMagic Kingdom of Landover novel.
=914  \\$a1154671
=994  \\$aC0$bZPJ

