=LDR  01310cam  22003138a 4500
=001  363124
=005  20160611223733.0
=008  090428s2009\\\\nyu\\\\\\\\\\\000\1\eng\\
=010  \\$a  2009017214
=020  \\$a9780399156045
=020  \\$a0399156046
=035  \\$a(OCoLC)ocn311777763
=035  \\$a(OCoLC)311777763
=040  \\$aDLC$cDLC$dBTCTA$dUPZ$dIL2$dBRL$dUtOrBLW
=049  \\$aZPPA
=082  00$a813/.54$222
=100  1\$aGoodkind, Terry.
=245  14$aThe law of nines /$cTerry Goodkind.
=260  \\$aNew York :$bG.P. Putnam's Sons,$c2009.
=300  \\$a502 pages ;$c25 cm
=336  \\$atext$btxt$2rdacontent
=337  \\$aunmediated$bn$2rdamedia
=338  \\$avolume$bnc$2rdacarrier
=520  \\$aTurning twenty-seven may be terrifying for some, but for Alex, a struggling artist living in the midwestern United States, it is cataclysmic. Inheriting a huge expanse of land should have made him a rich and happy man; but something about this birthday, his name, and the beautiful woman whose life he just saved, has suddenly made him--and everyone he loves--into a target. A target for extreme and uncompromising violence ....
=650  \0$aArtists$zNebraska$vFiction.
=650  \0$aInheritance and succession$vFiction.
=655  \7$aSuspense fiction.$2gsafd
=914  \\$a1154673
=994  \\$aC0$bZPP

