=LDR  01470cam  2200325Ia 4500
=001  363331
=005  20160611223744.0
=008  081103t20092009nyu\\\\\\\\\\\000\1\eng\d
=020  \\$a9780756405519
=020  \\$a0756405513
=035  \\$a(OCoLC)ocn268795174
=035  \\$a(OCoLC)268795174
=040  \\$aBTCTA$cBTCTA$dHCO$dH{dollar}Y$dUtOrBLW
=049  \\$aH{dollar}YA
=092  0\$a813.54$222
=100  1\$aMarco, John.
=245  10$aStarfinder :$ba Skylords novel /$cJohn Marco.
=260  \\$aNew York, NY :$bDaw Books,$c[2009], {copy}2009.
=300  \\$a326 pages ;$c24 cm.
=336  \\$atext$btxt$2rdacontent
=337  \\$aunmediated$bn$2rdamedia
=338  \\$avolume$bnc$2rdacarrier
=490  1\$aThe Skylords
=520  \\$aSteam trains and electricity are rapidly changing the world. Moth of Calio is obsessed with the airships developed by his friend Fiona's grandfather Rendor, and dreams of taking to the air one day like his heroes, the Skyknights. But not everyone is happy to see humans reach the skies. For thousands of years, the mysterious and powerful race known as the Skylords have jealously guarded their heavenly domain. But Moth and Fiona are about to breach the magical boundary between the world of humans and the world of the Skylords. -- Publisher description.
=650  \0$aAirships$vFiction.
=655  \7$aFantasy fiction.$2lcgft
=800  1\$aMarco, John.$tSkylords.
=914  \\$a1155082
=938  \\$aBaker and Taylor$bBTCP$nBK0008021792
=994  \\$aC0$bH{dollar}Y

