=LDR  01114cam  22003858a 4500
=001  364160
=005  20160611223832.0
=008  090421s2009\\\\nyu\\\\\\\\\\\000\1\eng\\
=010  \\$a  2009016702
=020  \\$a9780765322722
=020  \\$a0765322722
=029  1\$aAU@$b000044096141
=035  \\$a(OCoLC)ocn294887445
=035  \\$a(OCoLC)294887445
=040  \\$aDLC$cDLC$dBTCTA$dUtOrBLW
=049  \\$aZFRA
=050  00$aPS3558.E617$bW56 2009
=082  00$a813/.54$222
=100  1\$aHerbert, Brian.
=245  14$aThe winds of dune /$cBrian Herbert and Kevin J. Anderson.
=250  \\$a1st ed.
=260  \\$aNew York :$bTor,$c2009.
=263  \\$a0909
=300  \\$a448 pages ;$c25 cm
=336  \\$atext$btxt$2rdacontent
=337  \\$aunmediated$bn$2rdamedia
=338  \\$avolume$bnc$2rdacarrier
=500  \\$a"A Tom Doherty Associates book."
=650  \0$aMothers and sons$vFiction.
=650  \0$aDune (Imaginary place)$vFiction.
=655  \7$aScience fiction.$2gsafd
=700  1\$aAnderson, Kevin J.,$d1962- .
=914  \\$a1156717
=938  \\$aBaker and Taylor$bBTCP$nBK0008126473
=994  \\$aC0$bZFR

