=LDR  01565cam  22003854a 4500
=001  364565
=005  20160612054939.0
=008  081210s2009\\\\nyu\\\\\\\\\\\000\1\eng\\
=010  \\$a  2008053400
=020  \\$a9780765319715
=020  \\$a0765319713
=035  \\$a(OCoLC)ocn276335004
=035  \\$a(OCoLC)276335004
=040  \\$aDLC$cDLC$dBTCTA$dYDXCP$dC#P$dUtOrBLW
=043  \\$an-us---
=049  \\$aZPPA
=082  00$a813/.54$222
=100  1\$aWilson, Robert Charles,$d1953-
=245  10$aJulian Comstock :$ba story of 22nd-century America /$cRobert Charles Wilson.
=260  \\$aNew York :$bTor,$c2009.
=300  \\$a413 pages ;$c25 cm
=336  \\$atext$btxt$2rdacontent
=337  \\$aunmediated$bn$2rdamedia
=338  \\$avolume$bnc$2rdacarrier
=500  \\$a"A Tom Doherty Associates book."
=520  \\$aIn the 22nd-century, America has sixty states and New York is the nation's capitol. The president's nephew, Julian Comstock, is a war hero that is plagued by treachery and intrigue when he continues to adhere to doctrine at odds with the religious heirarchy of the Dominion.
=526  \\$aAccelerated Reader$bUG$c8.4$d32$e32$z134806
=651  \0$aUnited States$vFiction.
=655  \7$aPolitical fiction.$2lcgft
=655  \7$aScience fiction.$2gsafd
=655  \7$aDystopias.$2gsafd
=856  42$3Contributor biographical information$uhttp://www.loc.gov/catdir/enhancements/fy0906/2008053400-b.html
=856  42$3Publisher description$uhttp://www.loc.gov/catdir/enhancements/fy0906/2008053400-d.html
=914  \\$a1157480
=994  \\$aC0$bZPP

