=LDR  01317nam  2200385Ma 4500
=001  365057
=005  20160611223922.0
=008  070803s2007\\\\nyu\\\\er\\\\\000\1\eng\d
=020  \\$a9780446610025 (hbk.)
=020  \\$a044661002X (hbk.)
=029  0\$aAU@$b000042059164
=035  \\$a(OCoLC)ocn225652919
=035  \\$a(OCoLC)225652919
=040  \\$aAU@$beng$cAU@$dH{dollar}Y$dUtOrBLW
=049  \\$aH{dollar}YA
=082  00$a813/.6$222
=100  1\$aCarey, Jacqueline,$d1964-
=245  10$aKushiel's scion /$cJacqueline Carey.
=250  \\$a1st ed.
=260  \\$aNew York :$bWarner Books,$c2007.
=300  \\$axv, 960 pages :$bmap ;$c18 cm.
=336  \\$atext$btxt$2rdacontent
=337  \\$aunmediated$bn$2rdamedia
=338  \\$avolume$bnc$2rdacarrier
=490  1\$aImriel ;$v1
=490  1\$aKushiel ;$v4
=520  \\$a"The saga of Imriel de al Courcel, born third in line for the throne of Terre d'Ange, and gifted with the ability to deliver pain and to exploit others' faults"--Provided by the publisher.
=650  \0$aCourcel, Imriel de la (Fictitious character)$vFiction.
=650  \0$aTerre d'Ange (Imaginary place)$vFiction.
=650  \0$aKings and rulers$xSuccession$vFiction.
=655  \7$aFantasy fiction.$2gsafd
=830  \0$aImriel ;$v1.
=830  \0$aKushiel ;$v4.
=914  \\$a1158388
=994  \\$aC0$bH{dollar}Y

