=LDR  01214cam  2200385Ka 4500
=001  365058
=005  20160611223922.0
=008  040303r20042003nyub\\\\\\\\\\000\1\eng\d
=020  \\$a0765347539
=020  \\$a9780765347534
=029  1\$aAU@$b000027893758
=029  1\$aNZ1$b11487919
=035  \\$a(OCoLC)ocm54526494 
=035  \\$a(OCoLC)54526494
=040  \\$aURA$cURA$dBAKER$dBTCTA$dOCLCG$dAU@$dH{dollar}Y$dUtOrBLW
=049  \\$aH{dollar}YA
=082  00$a813/.54$222
=100  1\$aCarey, Jacqueline,$d1964-
=245  10$aKushiel's avatar /$cJacqueline Carey.
=260  \\$aNew York :$bTor,$c2004.
=300  \\$a750 pages :$bmap ;$c18 cm
=336  \\$atext$btxt$2rdacontent
=337  \\$aunmediated$bn$2rdamedia
=338  \\$avolume$bnc$2rdacarrier
=500  \\$a"A Tom Doherty Associates Book."
=650  \0$aCourts and courtiers$vFiction.
=650  \0$aIndentured servants$vFiction.
=650  \0$aAngels$vFiction.
=650  \0$aWomen$vFiction.
=650  \0$aPh{grave}edre n{acute}o Delaunay (Fictitious character)
=655  \7$aFantasy fiction.$2gsafd
=914  \\$a1158389
=938  \\$aBaker & Taylor$bBKTY$c7.99$d6.39$i0765347539$n0004368274$sactive
=938  \\$aBaker and Taylor$bBTCP$nbl2004003254
=994  \\$aC0$bH{dollar}Y

