=LDR  01014cam  2200337Ia 4500
=001  365059
=005  20160611223922.0
=008  030304t20032002nyua\\\\\\\\\\000\1\eng\d
=020  \\$a0765345048
=020  \\$a9780765345042
=029  1\$aAU@$b000026856086
=029  1\$aNZ1$b11487915
=035  \\$a(OCoLC)ocm51786570 
=035  \\$a(OCoLC)51786570
=040  \\$aZAB$cZAB$dBAKER$dLEO$dH4N$dBRENT$dH{dollar}Y$dUtOrBLW
=049  \\$aH{dollar}YA
=050  \4$aPS3603
=100  1\$aCarey, Jacqueline,$d1964-
=245  10$aKushiel's chosen /$cJacqueline Carey.
=250  \\$a1st Mass market ed.
=260  \\$aNew York :$bTor,$c2003, {copy}2002.
=300  \\$a687 pages :$billustrations ;$c18 cm
=336  \\$atext$btxt$2rdacontent
=337  \\$aunmediated$bn$2rdamedia
=338  \\$avolume$bnc$2rdacarrier
=500  \\$a"A Tom Doherty Associates book."
=650  \0$aFantasy.
=655  \7$aFantasy fiction.$2gsafd
=914  \\$a1158390
=938  \\$aBaker & Taylor$bBKTY$c7.99$d6.39$i0765345048$n0004131208$sactive
=994  \\$aC0$bH{dollar}Y

