=LDR  01613cam  2200325Ia 4500
=001  366455
=005  20160611224044.0
=008  990630s1999\\\\waub\\\\\\\\\\000\1\eng\d
=020  \\$a0786913886 (pbk.) :$c{dollar}6.99
=020  \\$a9780786913886 (pbk.)
=035  \\$a(OCoLC)ocm41633931 
=035  \\$a(OCoLC)41633931
=040  \\$aJRS$cJRS$dOCL$dXY4$dBAKER$dBTCTA$dYDXCP$dOCLCG$dH{dollar}Y$dUtOrBLW
=049  \\$aH{dollar}YA
=100  1\$aSalvatore, R. A.,$d1959-
=245  14$aThe silent blade /$cR.A. Salvatore.
=260  \\$aRenton, WA :$bTSR :$bDistributed worldwide by Wizards of the Coast,$c1999.
=300  \\$a394, 12 pages :$bmap ;$c18 cm.
=336  \\$atext$btxt$2rdacontent
=337  \\$aunmediated$bn$2rdamedia
=338  \\$avolume$bnc$2rdacarrier
=490  0\$aForgotten realms
=520  \\$aThe Silent Blade is old-school Drizzt, an adventure that brings together the original gang: the lovely Cattie-brie, the plump and mischievous Regis, the gruff dwarven father-figure Bruenor, and the even more gruff barbarian hammer-hurler Wulfgar. Better yet, The Silent Blade brings back Drizzt's best worst nemesis, master assassin Artemis Entreri. Throw in the evil artifact Crenshinibon (a.k.a. the Crystal Shard, the namesake of the first Drizzt Do'Urden book), and you know you're in for a good time.
=650  \0$aForgotten realms (Imaginary place)$vFiction.
=655  \7$aFantasy fiction.$2gsafd
=914  \\$a1161208
=938  \\$aBaker & Taylor$bBKTY$c7.99$d6.39$i0786913886$n0003590526$sactive
=938  \\$aBaker and Taylor$bBTCP$nbl2001005805
=938  \\$aYBP Library Services$bYANK$n100156213
=994  \\$aC0$bH{dollar}Y

