=LDR  01169cam  22003494a 4500
=001  366778
=005  20160611224104.0
=008  090115s2009\\\\nyu\\\\\\\\\\\000\1\eng\\
=010  \\$a  2009001508
=020  \\$a9780765313430
=020  \\$a076531343X
=035  \\$a(OCoLC)ocn290437070
=035  \\$a(OCoLC)290437070
=040  \\$aDLC$cDLC$dBTCTA$dYDXCP$dC#P$dZPP$dUtOrBLW
=049  \\$aZPPA
=082  00$a813/.6$222
=100  1\$aAbraham, Daniel.
=245  14$aThe price of spring /$cDaniel Abraham.
=250  \\$a1st ed.
=260  \\$aNew York :$bTor,$c2009.
=300  \\$a348 pages :$bmaps ;$c25 cm.
=336  \\$atext$btxt$2rdacontent
=337  \\$aunmediated$bn$2rdamedia
=338  \\$avolume$bnc$2rdacarrier
=490  1\$aThe long price quartet ;$vbk. 4
=500  \\$a"A Tom Doherty Associates book."
=655  \7$aFantasy fiction.$2gsafd
=800  1\$aAbraham, Daniel.$tLong price quartet;$vbk. 4.
=856  42$3Publisher description$uhttp://www.loc.gov/catdir/enhancements/fy0908/2009001508-d.html
=856  42$3Contributor biographical information$uhttp://www.loc.gov/catdir/enhancements/fy0908/2009001508-b.html
=914  \\$a1161895
=994  \\$aC0$bZPP

