=LDR  01314cam  22003378a 4500
=001  368272
=005  20160611224227.0
=008  090416s2009\\\\nyu\\\\\\\\\\\000\1\eng\\
=010  \\$a  2009015863
=020  \\$a9780451462909
=020  \\$a0451462904
=035  \\$a(OCoLC)ocn311777854
=035  \\$a(OCoLC)311777854
=040  \\$aDLC$cDLC$dBTCTA$dYDXCP$dDOV$dUPZ$dOCO$dUtOrBLW
=049  \\$aZPPA
=082  00$a813/.6$222
=100  1\$aStirling, S. M.
=245  14$aThe sword of the lady :$ba novel of the change /$cS.M. Stirling.
=260  \\$aNew York :$bRoc,$c2009.
=263  \\$a0909
=300  \\$avi, 484 pages :$bmap ;$c24 cm
=336  \\$atext$btxt$2rdacontent
=337  \\$aunmediated$bn$2rdamedia
=338  \\$avolume$bnc$2rdacarrier
=520  \\$aRudi Mackenzie has journeyed far across the land that was once the United States of America, hoping to find the source of the world-altering event that has come to be known as The Change. On the island of Nantucket he finds a beautifully made sword waiting for him--and once he takes it up, nothing will ever be the same.
=650  \0$aRegression (Civilization)$vFiction.
=650  \0$aSwords$vFiction.
=655  \7$aScience fiction.$2gsafd
=655  \7$aDystopias.$2gsafd
=800  1\$aStirling, S. M.$tNovels of the Change;$vbk. 3.
=914  \\$a1164989

