=LDR  00903nam  2200325Ia 4500
=001  368325
=005  20160611224230.0
=008  081024t20082007nyub\\\\\\\\\\000\1\eng\d
=020  \\$a9780441016457
=020  \\$a0441016456
=029  1\$aAU@$b000043523202
=035  \\$a(OCoLC)ocn263345647
=035  \\$a(OCoLC)263345647
=040  \\$aIMF$cIMF$dH{dollar}Y$dUtOrBLW
=049  \\$aH{dollar}YA
=100  1\$aShinn, Sharon.
=245  10$aReader and raelynx /$cSharon Shinn.
=250  \\$aAce Mass Market ed.
=260  \\$aNew York :$bAce Books,$c2008, {copy}2007.
=300  \\$a449 pages :$bmap ;$c18 cm.
=336  \\$atext$btxt$2rdacontent
=337  \\$aunmediated$bn$2rdamedia
=338  \\$avolume$bnc$2rdacarrier
=490  0\$aAce fantasy
=500  \\$a"A novel of the twelve houses."
=650  \0$aMystics$vFiction.
=650  \0$aFantasy fiction.
=650  \0$aScience fiction.
=914  \\$a1165087
=994  \\$aC0$bH{dollar}Y

