=LDR  02017cam  22004338a 4500
=001  369145
=005  20170108014556.0
=008  090824s2009\\\\nyub\\\\\\\\\\000\1\eng\\
=010  \\$a  2009035171
=020  \\$a9780765302304
=020  \\$a0765302306
=020  \\$a9780765341532 (pbk)
=035  \\$a(OCoLC)ocn318422996
=035  \\$a(OCoLC)318422996
=040  \\$aDLC$cDLC$dBTCTA$dBIB$dUPZ$dDOV$dABG$dGO3$dUtOrBLW
=049  \\$aOEKA
=050  00$aPS3560.O7617$bG38 2009
=082  00$a813/.6$222
=100  1\$aJordan, Robert,$d1948-2007.
=245  14$aThe gathering storm /$cRobert Jordan and Brandon Sanderson.
=250  \\$a1st ed.
=260  \\$aNew York :$bTor,$c2009.
=263  \\$a0911
=300  \\$a783 pages :$bmaps (some color) ;$c25 cm.
=336  \\$atext$btxt$2rdacontent
=337  \\$aunmediated$bn$2rdamedia
=338  \\$avolume$bnc$2rdacarrier
=490  1\$aThe Wheel of time ;$v12
=500  \\$a"A Tom Doherty Associates book."
=500  \\$a"Maps by Ellisa Mitchell; interior illustrations by Matthew C. Nielsen and Ellisa Mitchell." -- CIP
=500  \\$aColor map on lining paper as well.
=520  \\$aRand al'Thor, the Dragon Reborn, struggles to unite a fractured network of kingdoms and alliances in preparation for the Last Battle. Meanwhile, Egwene al'Vere, the Amyrlin Seat of the rebel Aes Sedai, is being held captive by the White Tower. Knowing the Seanchan attack is imminent, she fights to hold the Aes Sedai together in an epic contest that will prove the mettle of her followers and will decide the future of the White Tower---and possibly the world itself. The first of three novels that will make up "A Memory of Light" and mark the conclusion of the Wheel of Time.
=526  \\$aAccelerated Reader$bUG$c5.5$d46$e46$z134808
=650  \0$aRand al'Thor (Fictitious character)$vFiction.
=655  \7$aFantasy fiction.$2gsafd
=700  1\$aSanderson, Brandon.
=800  1\$aJordan, Robert,$d1948-2007.$tWheel of time ;$vbk. 12.
=914  \\$a1166698
=994  \\$aC0$bOEK

