=LDR  01473cam  2200397Ka 4500
=001  369147
=005  20160611224313.0
=008  090811s2009\\\\nyu\\\\\\\\\\\000\1\eng\d
=020  \\$a9780756405854
=020  \\$a0756405858
=020  \\$a9780756406292 (pbk)
=035  \\$a(OCoLC)ocn430051532
=035  \\$a(OCoLC)430051532
=040  \\$aUPZ$cUPZ$dDOV$dWIQ$dUtOrBLW
=043  \\$ae-uk---
=049  \\$aOEKA
=050  \4$aPS3562.A246$bG86 2009
=082  04$a813/.6$222
=100  1\$aLackey, Mercedes.
=245  10$aGwenhwyfar :$bthe white spirit /$cMercedes Lackey.
=260  \\$aNew York, NY :$bDaw Books,$c2009.
=300  \\$a404 pages ;$c24 cm
=336  \\$atext$btxt$2rdacontent
=337  \\$aunmediated$bn$2rdamedia
=338  \\$avolume$bnc$2rdacarrier
=500  \\$a"A novel of King Arthur."
=520  \\$aActing as the "son" her father never had, Gwenhwyfar, when called upon to serve another purpose by the Ladies of the Well, bows to circumstances to become Arthur's queen--only to find herself facing temptation and treachery, intrigue and betrayal, but also love and redemption.
=600  00$aArthur,$cKing$vFiction.
=650  \0$aQueens$zGreat Britain$vFiction.
=650  \0$aGuenevere, Queen (Legendary character)$vFiction.
=650  \0$aArthurian romances$vAdaptations.
=651  \0$aGreat Britain$xHistory$yTo 1066$vFiction.
=655  \7$aFantasy fiction.$2gsafd
=655  \7$aHistorical fiction.$2gsafd
=914  \\$a1166700
=994  \\$aC0$bOEK

