=LDR  01445cam  22003494a 4500
=001  369149
=005  20160612055218.0
=008  090825s2009\\\\nyu\\\\\\\\\\\000\1\eng\\
=010  \\$a  2009034711
=020  \\$a9780765320049
=020  \\$a0765320045
=035  \\$a(OCoLC)ocn317928746
=040  \\$aDLC$cDLC$dBTCTA$dBRL$dDOV$dUPZ$dIP6$dC#P$dUtOrBLW
=049  \\$aZPJA
=050  00$aPS3553.A655$bH54 2009
=082  00$a813/.6$222
=100  1\$aCard, Orson Scott.
=245  10$aHidden empire /$cOrson Scott Card.
=250  \\$a1st ed.
=260  \\$aNew York :$bTor,$c2009.
=300  \\$a335 pages ;$c24 cm
=336  \\$atext$btxt$2rdacontent
=337  \\$aunmediated$bn$2rdamedia
=338  \\$avolume$bnc$2rdacarrier
=500  \\$a"A Tom Doherty Associates book."
=520  \\$aIn this sequel to Card's bestselling novel "Empire," President Averell Torrent launches America into a get-tough, this-world-is-our-empire foreign policy stance. When Captain Bartholomew "Cole" Coleman sees the danger Torrent poses to American democracy and the potential disasters involved in his foreign military adventures, he quickly runs afoul of Torrent and, while on the run, finds proof that Torrent orchestrated a presidential assassination.
=526  \\$aAccelerated Reader$bUG$c6.2$d18$e18$z142636
=650  \0$aCivil war$vFiction.
=655  \7$aPolitical fiction.$2lcgft
=655  \7$aScience fiction.$2gsafd
=914  \\$a1166702
=994  \\$aC0$bZPJ

