=LDR  01473cam  2200361Ia 4500
=001  369407
=005  20160611224326.0
=008  990122t19981998nyu\\\\\\\\\\\000\1\eng\d
=010  \\$a   97016002 
=020  \\$a0553575384 (pbk.) :$c{dollar}6.50
=020  \\$a9780553575385 (pbk.)
=020  \\$a0553099957 (hc)
=020  \\$a9780553099959 (hc)
=035  \\$a(OCoLC)ocm40663082 
=035  \\$a(OCoLC)40663082
=040  \\$aOCO$cOCO$dSLC$dMLX$dFIT$dOCL$dBAKER$dBTCTA$dYDXCP$dFMO$dE9G$dUtOrBLW
=049  \\$aE9GA
=050  \4$aPS3573.I45652$bT6 1998x
=082  00$a813/.54$221
=100  1\$aWillis, Connie.
=245  10$aTo say nothing of the dog :$bor, How we found the bishop's bird stump at last /$cConnie Willis.
=246  3\$aTo say nothing of the dog
=246  0\$aHow we found the bishop's bird stump at last
=260  \\$aNew York :$bBantam Books,$c[1998], {copy}1998.
=300  \\$a493 pages ;$c18 cm.
=336  \\$atext$btxt$2rdacontent
=337  \\$aunmediated$bn$2rdamedia
=338  \\$avolume$bnc$2rdacarrier
=490  1\$aBantam spectra book
=520  \\$aNed Henry is sent back in time to the 19th century to obtain the original plans of Coventry Cathedral, destroyed by the Nazis in World War II. A rich American wants to rebuild it. Problems arise when Henry's lady friend saves a cat from drowning, an act that threatens to alter history. By the author of Doomsday Book.
=650  \0$aTime travel$vFiction.
=830  \0$aBantam spectra book.
=914  \\$a1167313

