=LDR  01145cam  2200361La 4500
=001  370096
=005  20160611224402.0
=008  070530s2007\\\\nyu\\\\e\\\\\\000\1\eng\d
=020  \\$a9780451461032 (pbk.)
=020  \\$a0451461037 (pbk.)
=029  0\$aNZ1$b12128731
=035  \\$a(OCoLC)ocn230923030
=035  \\$a(OCoLC)230923030
=040  \\$aNz$cD8D$dBAKER$dOCLCG$dH{dollar}Y$dUtOrBLW
=049  \\$aH{dollar}YA
=082  00$a813/.6$222
=100  1\$aButcher, Jim,$d1971-
=245  10$aProven guilty :$ba novel of the Dresden files /$cJim Butcher.
=250  \\$a1st Roc Mass Market ed.
=260  \\$aNew York :$bROC,$c2007.
=300  \\$a489 pages ;$c17 cm.
=336  \\$atext$btxt$2rdacontent
=337  \\$aunmediated$bn$2rdamedia
=338  \\$avolume$bnc$2rdacarrier
=490  1\$aDresden files ;$v8
=650  \0$aDresden, Harry (Fictitious character)$vFiction.
=650  \0$aWizards$vFiction.
=651  \0$aChicago (Ill.)$vFiction.
=655  \7$aFantasy fiction.$2gsafd
=800  1\$aButcher, Jim,$d1971-$tDresden files;$v8.
=914  \\$a1168764
=938  \\$aBaker & Taylor$bBKTY$c7.99$d6.39$i0451461037$n0006928015$sactive
=994  \\$aC0$bH{dollar}Y

