=LDR  01327cam  22003858a 4500
=001  370467
=005  20160611224421.0
=008  090911s2009\\\\nyu\\\\\\\\\\\000\1\eng\\
=010  \\$a  2009037610
=020  \\$a9780441017690
=020  \\$a044101769X
=035  \\$a(OCoLC)ocn311775717
=035  \\$a(OCoLC)311775717
=040  \\$aDLC$cDLC$dBTCTA$dBIB$dUPZ$dOCO$dUtOrBLW
=049  \\$aZPPA
=082  00$a813/.6$222
=100  1\$aButcher, Jim,$d1971-
=245  10$aFirst lord's fury /$cJim Butcher.
=250  \\$a1st ed.
=260  \\$aNew York :$bAce Books,$c2009.
=263  \\$a0912
=300  \\$a465 pages ;$c24 cm.
=336  \\$atext$btxt$2rdacontent
=337  \\$aunmediated$bn$2rdamedia
=338  \\$avolume$bnc$2rdacarrier
=490  1\$aCodex Alera ;$vbk. 6
=520  \\$aThe savage Vord are on the march, and Gaius Octavian, first lord of Alera, must lead his legions to the Calderon Valley to stand against them--using all of his intelligence, ingenuity, and furycraft to save their world from eternal darkness.
=650  \0$aKings and rulers$vFiction.
=650  \0$aMagic$vFiction.
=650  \0$aImaginary places$vFiction.
=650  \0$aImaginary wars and battles$vFiction.
=655  \7$aFantasy fiction.$2gsafd
=800  1\$aButcher, Jim,$d1971-$tCodex Alera ;$v6.
=914  \\$a1169561
=994  \\$aC0$bZPP

