=LDR  01139cam  22003738a 4500
=001  371589
=005  20160611224521.0
=008  090420s2009\\\\wau\\\\\\\\\\\000\1\eng\\
=010  \\$a  2009016151
=020  \\$a9780786952335
=020  \\$a0786952334
=020  \\$a9780786954995 (pbk)
=035  \\$a(OCoLC)ocn299708932
=035  \\$a(OCoLC)299708932
=040  \\$aDLC$cDLC$dBTCTA$dUPZ$dBIB$dDOV$dB2A$dUtOrBLW
=049  \\$aOEKA
=050  00$aPS3569.A462345$bG47 2009
=082  00$a813/.6$222
=100  1\$aSalvatore, R. A.,$d1959-
=245  14$aThe ghost king /$cR.A. Salvatore.
=260  \\$aRenton, WA :$bWizards of the Coast,$c2009.
=263  \\$a0910
=300  \\$a342 pages ;$c24 cm.
=336  \\$atext$btxt$2rdacontent
=337  \\$aunmediated$bn$2rdamedia
=338  \\$avolume$bnc$2rdacarrier
=490  1\$aTransitions ;$vbk. 3
=650  \0$aDrizzt Do'Urden (Fictitious character)$vFiction.
=650  \0$aForgotten realms (Imaginary place)$vFiction.
=650  \0$aMagic$vFiction.
=655  \7$aFantasy fiction.$2gsafd
=800  1\$aSalvatore, R. A.,$d1959-$tTransitions ;$vbk. 3.
=914  \\$a1172004
=994  \\$aC0$bOEK

