=LDR  01005cam  22003498a 4500
=001  371962
=005  20160611224541.0
=008  090224s2009\\\\mnu\\\\\\\\\\\000\1\eng\\
=010  \\$a  2009007609
=020  \\$a9780764206061 (pbk.)
=020  \\$a0764206060 (pbk.)
=029  1\$aNZ1$b12898425
=029  1\$aAU@$b000043896691
=035  \\$a(OCoLC)ocn263987387
=035  \\$a(OCoLC)263987387
=040  \\$aDLC$cDLC$dBTCTA$dCDC$dZRK$dUtOrBLW
=049  \\$aZRKA
=050  00$aPS3616.A7684$bO36 2009
=082  00$a813/.6$222
=100  1\$aParrish, Robin.
=245  10$aOffworld /$cRobin Parrish.
=260  \\$aMinneapolis, Minn. :$bBethany House,$c2009.
=300  \\$a361 pages ;$c22 cm
=336  \\$atext$btxt$2rdacontent
=337  \\$aunmediated$bn$2rdamedia
=338  \\$avolume$bnc$2rdacarrier
=650  \0$aAstronauts$vFiction.
=655  \7$aScience fiction.$2gsafd
=655  \7$aChristian fiction.$2gsafd
=914  \\$a1172754
=938  \\$aBaker and Taylor$bBTCP$nBK0007984747
=994  \\$aC0$bZRK

