=LDR  01460cam  2200349Ia 4500
=001  373092
=005  20160611224642.0
=008  081103s2009\\\\nyu\\\\\\\\\\\000\f\eng\d
=020  \\$a9780451462848 (pbk.) :$c{dollar}7.99
=020  \\$a045146284X
=035  \\$a(OCoLC)ocn268795992
=035  \\$a(OCoLC)268795992
=040  \\$aBTCTA$cBTCTA$dOCO$dBRL$dHHO$dWIM$dUtOrBLW
=050  \4$aPS
=100  1\$aCaine, Rachel.
=245  10$aCape Storm :$ba Weather Warden novel /$cRachel Caine.
=260  \\$aNew York, N.Y. :$bROC/New American Library,$c2009.
=300  \\$a308 pages ;$c18 cm.
=336  \\$atext$btxt$2rdacontent
=337  \\$aunmediated$bn$2rdamedia
=338  \\$avolume$bnc$2rdacarrier
=490  1\$aWeather warden series
=500  \\$a"ROC fantasy"--Spine.
=520  \\$a"Weather Warden Joanne Baldwin and her new husband, the Djinn David, are running from a malevolent hurricane bent on destroying her. Joined by an army of fellow Wardens and Djinn onboard a hijacked luxury liner, Joanne has lured the storm into furious pursuit. But even their combined magic may not be enough to stop it--nor the power-mad ex-Weather Warden controlling it" -- from publisher's web site.
=650  \0$aWeather control$vFiction.
=650  \0$aStorms$vFiction.
=650  \0$aMagic$vFiction.
=650  \0$aJinn$vFiction.
=650  \0$aMarried people$vFiction.
=655  \7$aFantasy fiction.$2gsafd
=800  1\$aCaine, Rachel.$tWeather warden series.
=914  \\$a1175008

