=LDR  01534cam  2200361Ia 4500
=001  373127
=005  20160611224644.0
=008  090323t20092009nyua\\\\\\\\\\000\1\eng\d
=020  \\$a9781401215736
=020  \\$a1401215734
=035  \\$a(OCoLC)ocn316835986
=035  \\$a(OCoLC)316835986
=040  \\$aBTCTA$cBTCTA$dZGX$dUtOrBLW
=049  \\$aZPPA
=092  \\$a[Fic]$bWillingham
=100  1\$aWillingham, Bill.
=245  10$aPeter & Max :$ba Fables novel /$cby Bill Willingham ; with illustrations by Steve Leialoha.
=246  \3$aPeter and Max
=260  \\$aNew York :$bVertigo,$c[2009], {copy}2009.
=300  \\$a368, ccclxxxix pages :$billustrations ;$c24 cm.
=336  \\$atext$btxt$2rdacontent
=337  \\$aunmediated$bn$2rdamedia
=338  \\$avolume$bnc$2rdacarrier
=490  0\$aA Fables novel
=520  \\$a"When an unspeakable tragedy befalls a family of traveling minstrels, they become stranded and left for dead. Here in the heart of The Black Forest, Peter Piper and his older brother Max encounter ominous forces that will change them both irreparably. Thus begins an epic tale of sibling rivalry, magic, music and revenge that spans medieval times to the present day when their deadly conflict surfaces in the placid calm of modern-day Fabletown."--dust cover flap.
=650  \0$aBrothers$vFiction.
=650  \0$aSibling rivalry$vFiction.
=650  \0$aMagic$vFiction.
=650  \0$aRevenge$vFiction.
=655  \7$aFantasy fiction.$2gsafd
=700  1\$aLeialoha, Steve.
=914  \\$a1175056
=994  \\$aC0$bZPP

