=LDR  01198cam  22003614a 4500
=001  373480
=005  20160611224702.0
=008  090514s2009\\\\nyu\\\\\\\\\\\000\j\eng\\
=010  \\$a  2009018735
=020  \\$a9780425229590 (pbk.)
=020  \\$a0425229599 (pbk.)
=035  \\$a(OCoLC)ocn311776229
=035  \\$a(OCoLC)311776229
=040  \\$aDLC$cDLC$dIG#$dBTCTA$dWSN$dIK2$dCDX$dOEM$dUtOrBLW
=050  00$aPS3558.A6427$bM87 2009
=082  00$a813/.54$222
=100  1\$aHarris, Charlaine.
=245  10$aMust love hellhounds /$cCharlaine Harris [and others].
=250  \\$aBerkley trade pbk. ed.
=260  \\$aNew York :$bBerkley Books,$c2009.
=300  \\$a361 pages ;$c21 cm
=336  \\$atext$btxt$2rdacontent
=337  \\$aunmediated$bn$2rdamedia
=338  \\$avolume$bnc$2rdacarrier
=505  0\$aThe britlingens go to hell / Charlaine Harris -- Angels' judgment / Nalini Singh -- Magic mourns / Ilona Andrews -- Blind spot / Meljean Brook.
=650  \0$aHell$vFiction.
=650  \0$aVampires$vFiction.
=655  \7$aOccult fiction.$2gsafd
=655  \7$aShort stories.$2lcgft
=700  1\$aSingh, Nalini.
=700  1\$aAndrews, Ilona.
=700  1\$aBrook, Meljean.
=914  \\$a1175767

