=LDR  01269cam  22003853a 4500
=001  373684
=005  20170120113933.0
=008  060531s2006\\\\nyu\\\\\\b\\\\000\1\eng\d
=010  \\$a  2008571269
=020  \\$a0451460936 (pbk.)
=020  \\$a9780451460936 (pbk.)
=020  \\$a9780451460936$c{dollar}    7.99
=020  \\$a0451460936$c{dollar}    7.99
=035  \\$a(OCoLC)ocn227332605
=035  \\$a(OCoLC)227332605
=040  \\$aJRS$cJRS$dDLC$dNXA$dUtOrBLW
=042  \\$alccopycat
=049  \\$aZPPA
=100  1\$aChance, Karen.
=245  10$aTouch the dark /$cKaren Chance.
=260  \\$aNew York :$bNew American Library,$c2006.
=300  \\$a307 pages ;$c18 cm.
=336  \\$atext$btxt$2rdacontent
=337  \\$aunmediated$bn$2rdamedia
=338  \\$avolume$bnc$2rdacarrier
=490  0\$aRoc fantasy
=490  0\$aRoc book
=650  \0$aFantasy fiction, American.
=650  \0$aVampires$vFiction.
=655  \7$aFantasy fiction.$2gsafd
=710  2\$aCopyright Paperback Collection (Library of Congress)$5DLC
=856  42$3Contributor biographical information$uhttp://www.loc.gov/catdir/enhancements/fy0834/2008571269-b.html
=856  42$3Publisher description$uhttp://www.loc.gov/catdir/enhancements/fy0834/2008571269-d.html
=914  \\$a1176290
=994  \\$aC0$bZPP

