=LDR  00917cam  22003378a 4500
=001  373811
=005  20160611224719.0
=008  090421s2009\\\\nyu\\\\\\\\\\\000\1\eng\\
=010  \\$a  2009016764
=020  \\$a9780765321282
=020  \\$a0765321289
=035  \\$a(OCoLC)ocn317928689
=035  \\$a(OCoLC)317928689
=040  \\$aDLC$cDLC$dBTCTA$dZPP$dUtOrBLW
=049  \\$aZPPA
=082  00$a813/.6$222
=100  1\$aScholes, Ken.
=245  10$aCanticle /$cKen Scholes.
=250  \\$a1st ed.
=260  \\$aNew York :$bTor,$c2009.
=263  \\$a0910
=300  \\$a384 pages :$bmap ;$c25 cm
=336  \\$atext$btxt$2rdacontent
=337  \\$aunmediated$bn$2rdamedia
=338  \\$avolume$bnc$2rdacarrier
=500  \\$a"A Tom Doherty Associates book."
=650  \0$aLibraries$vFiction.
=650  \0$aImaginary wars and battles$vFiction.
=655  \7$aFantasy fiction.$2gsafd
=914  \\$a1176652
=994  \\$aC0$bZPP

