=LDR  01764cam  2200433 a 4500
=001  373822
=005  20160612055508.0
=008  090518t20092009cau\\\\\\\\\\\000\1\eng\\
=019  \\$a934547403
=020  \\$a9781597801577
=020  \\$a1597801577
=020  \\$a9781597801584$q(pbk.)
=020  \\$a1597801585$q(pbk.)
=035  \\$a(OCoLC)ocn373482688
=035  \\$a(OCoLC)373482688$z(OCoLC)934547403
=040  \\$aUKM$beng$cUKM$dBTCTA$dJAO$dABG$dBLP$dYDXCP$dLF3$dSNM$dTXA$dVP@$dYVO$dCUS$dGUA$dORX$dBDX$dOCLCQ$dP4I$dOCLCO$dZCU$dOCLCQ$dS3O$dOCLCO$dUtOrBLW
=043  \\$aa-th---
=049  \\$aOEKA
=050  \4$aPS3602.A3446$bW56 2009
=082  04$a813/.6$222
=100  1\$aBacigalupi, Paolo.
=245  14$aThe windup girl /$cPaolo Bacigalupi.
=250  \\$a1st ed.
=260  \\$aSan Francisco :$bNight Shade Books,$c[2009], {copy}2009.
=300  \\$a359 pages ;$c24 cm
=336  \\$atext$btxt$2rdacontent
=337  \\$aunmediated$bn$2rdamedia
=338  \\$avolume$bnc$2rdacarrier
=520  \\$aWhat happens when bio-terrorism becomes a tool for corporate profits? And what happens when this forces humanity to the cusp of post-human evolution? This is a tale of Bangkok struggling for survival in a post-oil era of rising sea levels and out-of-control mutation.
=526  \\$aAccelerated Reader$bUG$c4.9$d21$e21$z148095
=586  \\$aHugo Award for Best Novel, 2010.
=650  \0$aBioterrorism$vFiction.
=650  \0$aBioterrorism$xSocial aspects$vFiction.
=650  \7$aScience fiction.$2gsafd
=651  \0$aBangkok (Thailand)$vFiction.
=655  \7$aScience fiction.$2gsafd
=776  08$iOnline version:$aBacigalupi, Paolo.$tWindup girl.$b1st ed.$dSan Francisco : Night Shade Books, {copy}2009$w(OCoLC)795843088
=914  \\$a1176665
=994  \\$aC0$bOEK

