=LDR  01029cam  22003378a 4500
=001  373936
=005  20160611224725.0
=008  090622s2009\\\\nyu\\\\\\\\\\\000\1\eng\\
=010  \\$a  2009024978
=020  \\$a9780451462923
=020  \\$a0451462920
=035  \\$a(OCoLC)ocn311777841
=035  \\$a(OCoLC)311777841
=040  \\$aDLC$cDLC$dBTCTA$dZPX$dDOV$dHSA$dUtOrBLW
=049  \\$aOEKA
=050  00$aPS3566.A897$bM345 2009
=082  00$a813/.6$222
=100  1\$aPaxson, Diana L.
=245  10$aMarion Zimmer Bradley's Sword of Avalon /$cDiana L. Paxson.
=246  30$aSword of Avalon
=260  \\$aNew York :$bRoc/New American Library,$c2009.
=263  \\$a0912
=300  \\$axvi, 424 pages :$bmaps ;$c24 cm
=336  \\$atext$btxt$2rdacontent
=337  \\$aunmediated$bn$2rdamedia
=338  \\$avolume$bnc$2rdacarrier
=650  \0$aAvalon (Legendary place)$vFiction.
=655  \7$aFantasy fiction.$2gsafd
=700  1\$aBradley, Marion Zimmer.
=800  1\$aBradley, Marion Zimmer.$tAvalon series ;$v8.
=914  \\$a1176947

