=LDR  01029cam  22003618a 4500
=001  374061
=005  20160611224732.0
=008  090227s2009\\\\nyu\\\\\\\\\\\000\1\eng\\
=010  \\$a  2009007830
=020  \\$a9780385523325
=020  \\$a0385523327
=029  1\$aNZ1$b12910379
=035  \\$a(OCoLC)ocn297147177
=035  \\$a(OCoLC)297147177
=040  \\$aDLC$cDLC$dBTCTA$dYDXCP$dH{dollar}Y$dUtOrBLW
=049  \\$aH{dollar}YA
=050  00$aPS3554.U677$bO84 2009
=082  00$a813/.54$222
=100  1\$aDurham, David Anthony,$d1969-
=245  14$aThe other lands /$cDavid Anthony Durham.
=250  \\$a1st ed.
=260  \\$aNew York :$bDoubleday,$c2009.
=263  \\$a0909
=300  \\$apages ;$ccm.
=336  \\$atext$btxt$2rdacontent
=337  \\$aunmediated$bn$2rdamedia
=338  \\$avolume$bnc$2rdacarrier
=490  1\$aAcacia ;$vbk. 2
=650  \0$aKings and rulers$vFiction.
=655  \7$aFantasy fiction.$2gsafd
=800  1\$aDurham, David Anthony,$d1969-$tAcacia ;$vbk. 2.
=830  \0$aAc{grave}acia ;$vbk. 2.
=914  \\$a1177129

