=LDR  01341nam  2200349Ka 4500
=001  374538
=005  20160611224757.0
=008  091023r20092003nyu\\\\\\\\\\\000\1\eng\d
=020  \\$a0451462947
=020  \\$a9780451462947
=035  \\$a(OCoLC)ocn458563004
=035  \\$a(OCoLC)458563004
=040  \\$aWIQ$cWIQ$dZRK$dUtOrBLW
=049  \\$aZRKA
=100  1\$aButcher, Jim,$d1971-
=245  10$aDeath masks :$ba novel of the Dresden files /$cJim Butcher.
=260  \\$aNew York :$bROC,$c2009, {copy}2003.
=300  \\$a341 pages ;$c24 cm.
=336  \\$atext$btxt$2rdacontent
=337  \\$aunmediated$bn$2rdamedia
=338  \\$avolume$bnc$2rdacarrier
=490  1\$aDresden files ;$v5
=500  \\$aOriginally published: New York : Roc, 2003.
=500  \\$aIncludes author's note (p. [339]-341.
=520  \\$aHarry Dresden, Chicago's only practicing wizard, is hired by a mysterious priest to find the stolen Shroud of Turin. But first, Harry must deal with the Red Court of Vampires' champion, professional hit men, and the return of his semi-vampire former girlfriend.
=650  \0$aDresden, Harry (Fictitious character)$vFiction.
=650  \0$aWizards$vFiction.
=651  \0$aChicago (Ill.)$vFiction.
=655  \7$aFantasy fiction.$2gsafd
=800  1\$aButcher, Jim,$d1971-$tDresden files;$vbk. 5.
=914  \\$a1178135
=994  \\$aC0$bZRK

