=LDR  01489cam  22003618a 4500
=001  379496
=005  20160611225217.0
=008  090713t20102010nyu\\\\\\\\\\\000\1\eng\\
=010  \\$a  2009027318
=020  \\$a9780061561627
=020  \\$a0061561622
=020  \\$a9780061561658 (pbk)
=035  \\$a(OCoLC)ocn419856249
=035  \\$a(OCoLC)419856249
=040  \\$aDLC$cDLC$dBTCTA$dUPZ$dJST$dEINCP$dUtOrBLW
=049  \\$aZPPA
=082  00$a813/.54$222
=100  1\$aHobb, Robin.
=245  10$aDragon keeper :$bvolume one of the rain wilds chronicles /$cRobin Hobb.
=250  \\$a1st ed.
=260  \\$aNew York :$bEos,$c[2010], {copy}2010.
=263  \\$a1002
=300  \\$axiii, 473 pages ;$c24 cm.
=336  \\$atext$btxt$2rdacontent
=337  \\$aunmediated$bn$2rdamedia
=338  \\$avolume$bnc$2rdacarrier
=490  1\$aRain wilds chronicles ;$vv. 1
=520  \\$aGuided by the great blue dragon Tintaglia, a tangle of serpents fights its way up the Rain Wild River to the cocooning grounds. But the creatures which emerge from the cocoons are a travesty of the powerful, shining dragons of old; some cannot fly, others are stunted or deformed. To save the dragons, a band of dragon keepers, hunters and chroniclers must attend them if they are to find their true home--the legendary Elderling city of Kelsingra.
=650  \0$aDragons$vFiction.
=655  \7$aFantasy fiction.$2gsafd
=800  1\$aHobb, Robin.$tRain Wilds chronicles ;$vv. 1.
=914  \\$a1187027
=994  \\$aC0$bZPP

