=LDR  01698cam  22003738a 4500
=001  381311
=005  20160611225351.0
=008  090914s2010\\\\nyu\\\\\\\\\\\000\1\eng\\
=010  \\$a  2009036820
=020  \\$a9780345513762 (alk. paper)
=020  \\$a0345513762 (alk. paper)
=029  1\$aAU@$b000044588216
=035  \\$a(OCoLC)ocn326529032
=035  \\$a(OCoLC)326529032
=040  \\$aDLC$cDLC$dBTCTA$dBRL$dUtOrBLW
=049  \\$aZFRA
=050  00$aPS3563.A255$bC38 2010
=082  00$a813/.54$222
=100  1\$aMcCaffrey, Anne.
=245  10$aCatalyst :$ba tale of the Barque cats /$cAnne McCaffrey, Elizabeth Ann Scarborough.
=250  \\$a1st ed.
=260  \\$aNew York :$bDel Rey Ballantine Books,$c2010.
=263  \\$a1001
=300  \\$a256 pages ;$c24 cm
=336  \\$atext$btxt$2rdacontent
=337  \\$aunmediated$bn$2rdamedia
=338  \\$avolume$bnc$2rdacarrier
=520  0\$aPilot, navigator, engineer, doctor, scientist, ship's cat? All are essential to the well-staffed space vessel. Since the early days of interstellar travel, when Tuxedo Thomas, a Maine coon cat, showed what a cat could do for a ship and its crew, the so-called Barque Cats have become highly prized crew members. Thomas's carefully bred progeny, ably assisted by humans, Cat Persons, with whom they share a deep and loving bond, now travel the galaxy, responsible for keeping spacecraft free of vermin, for alerting human crews to potential environmental hazards, and for acting as morale officers.  
=650  \0$aCats$vFiction.
=655  \7$aScience fiction.$2gsafd
=700  1\$aScarborough, Elizabeth Ann.
=914  \\$a1192548
=938  \\$aBaker and Taylor$bBTCP$nBK0008371576
=994  \\$aC0$bZFR

