=LDR  01699cam  2200409Ka 4500
=001  381330
=005  20160611225352.0
=008  100202s2010\\\\nyub\\\\\\\\\\000\1\eng\d
=020  \\$a9780756405496
=020  \\$a0756405491
=035  \\$a(OCoLC)ocn503173074
=040  \\$aUPZ$cUPZ$dBTCTA$dLF3$dZPJ$dUtOrBLW
=049  \\$aZPJA
=050  \4$aPS3573.I45563$bS55 2010
=082  04$a813/.54$222
=100  1\$aWilliams, Tad.
=245  10$aShadowrise /$cTad Williams.
=260  \\$aNew York :$bDAW Books :$bDistributed by Penguin Group,$c2010.
=300  \\$axxviii, 564 pages :$bmaps ;$c24 cm.
=336  \\$atext$btxt$2rdacontent
=337  \\$aunmediated$bn$2rdamedia
=338  \\$avolume$bnc$2rdacarrier
=490  1\$aShadowmarch ;$vv. 3
=490  1\$aDAW books collectors ;$vno. 1500
=520  \\$aWith King Olin imprisoned and Prince Kendrick slain, the royal twins Barrick and Briony have been forced to flee their homeland. But both families and nations can hide dark and terrible secrets, and even if Barrick and Briony survive learning the astonishing truths at the heart of their own family and of Southmarch itself, they must still find a way to reclaim their kingdom and rescue their home--from traitors, tyrants, a god-king, and even the angry gods themselves.
=650  \0$aGods$vFiction.
=650  \0$aTwins$vFiction.
=650  \0$aExiles$vFiction.
=650  \0$aFate and fatalism$vFiction.
=650  \0$aFamily secrets$vFiction.
=650  \0$aMagic$vFiction.
=650  \0$aCourts and courtiers$vFiction.
=655  \7$aFantasy fiction.$2gsafd
=800  1\$aWilliams, Tad.$tShadowmarch ;$vv. 3.
=830  \0$aDAW book collectors ;$vno.
=914  \\$a1192570
=994  \\$aC0$bZPJ

