=LDR  01332cam  2200349Ka 4500
=001  383705
=005  20160611225556.0
=008  090723t20102010nyub\\\\\\\\\\000\f\eng\d
=020  \\$a9780765315052
=020  \\$a076531505X
=020  \\$a9780765354073 (pbk)
=035  \\$a(OCoLC)ocn428027070
=035  \\$a(OCoLC)428027070
=040  \\$aBTCTA$cBTCTA$dFN4$dUPZ$dWIQ$dBWX$dYDXCP$dFN4$dVP@$dUtOrBLW
=049  \\$aZPPA
=050  \4$aPS3573.E217$bM54 2010
=082  04$a813/.54$222
=100  1\$aWeber, David,$d1952-
=245  12$aA mighty fortress /$cDavid Weber.
=250  \\$a1st ed.
=260  \\$aNew York :$bForge,$c[2010], {copy}2010.
=300  \\$a718 pages :$bmaps ;$c25 cm.
=336  \\$atext$btxt$2rdacontent
=337  \\$aunmediated$bn$2rdamedia
=338  \\$avolume$bnc$2rdacarrier
=490  0\$aSafehold ;$vbk. 4
=520  \\$aThe struggle for human freedom continues as Merlin Athrawes and a handful of extraordinary human beings stand in the path of the Church of God Awaiting, which controls most of Safehold and has decreed the destruction of Charis and its young queen Sharleyan of Chisholm and her consort, young Cayleb Ahrmahk.
=650  \0$aImaginary wars and battles$vFiction.
=655  \7$aFantasy fiction.$2gsafd
=800  1\$aWeber, David,$d1952-$tSafehold series;$v4.
=914  \\$a1196659
=994  \\$aC0$bZPP

