=LDR  01277cam  22003858a 4500
=001  387675
=005  20160611225920.0
=008  100112s2010\\\\nyu\\\\\\\\\\\000\1\eng\\
=010  \\$a  2010001202
=020  \\$a9780451463173
=020  \\$a045146317X
=035  \\$a(OCoLC)ocn426801448
=035  \\$a(OCoLC)426801448
=040  \\$aDLC$cDLC$dBTCTA$dUPZ$dHSA$dZPP$dUtOrBLW
=043  \\$an-us-il
=049  \\$aZPPA
=082  00$a813/.6$222
=100  1\$aButcher, Jim,$d1971-
=245  10$aChanges :$ba novel of the Dresden files /$cJim Butcher.
=260  \\$aNew York :$bRoc/New American Library,$c2010.
=263  \\$a1004
=300  \\$a441 pages ;$c24 cm.
=336  \\$atext$btxt$2rdacontent
=337  \\$aunmediated$bn$2rdamedia
=338  \\$avolume$bnc$2rdacarrier
=490  1\$aDresden files ;$v12
=520  \\$aIn the twelfth book of the series, Harry finds out he has a daughter and has to work with his former lover, Susan Rodriguez, to protect them both.
=650  \0$aDresden, Harry (Fictitious character)$vFiction.
=650  \0$aWizards$vFiction.
=651  \0$aChicago (Ill.)$vFiction.
=655  \7$aOccult fiction.$2gsafd
=655  \7$aFantasy fiction.$2gsafd
=800  1\$aButcher, Jim,$d1971-$tDresden files;$v12.
=914  \\$a1204029
=994  \\$aC0$bZPP

