=LDR  01420cam  2200349Ia 4500
=001  389085
=005  20160611230030.0
=008  091012t20102010nyu\\\\\\\\\\\000\1\eng\d
=020  \\$a9780061931413
=020  \\$a0061931411
=035  \\$a(OCoLC)ocn456181190
=040  \\$aBTCTA$cBTCTA$dBWX$dZQP$dYDXCP$dUPZ$dGO3$dUtOrBLW
=049  \\$aZPJA
=050  \4$aPS3588
=050  \4$aPS3558.O33636$bD74 2010
=082  04$a813/.54$222
=100  1\$aHobb, Robin.
=245  10$aDragon haven /$cRobin Hobb.
=250  \\$a1st ed.
=260  \\$aNew York, N.Y. :$bEos,$c[2010], {copy}2010.
=300  \\$axi, 507 pages ;$c24 cm.
=336  \\$atext$btxt$2rdacontent
=337  \\$aunmediated$bn$2rdamedia
=338  \\$avolume$bnc$2rdacarrier
=490  1\$aThe rain wilds chronicles ;$vv. 2
=520  \\$aAs the dragons, the humans--including the strong and defiant Rain Wild girl Thymara; the wealthy dragon scholar and Trader's wife, Alise; and her companion, the urbane Sedric--and their magical supply barge, captained by the gruff Leftrin, forge their way ever deeper into uncharted wilderness, human and beast alike discover they are changing in mysterious and dangerous ways ... an that all of them may not survive.
=650  \0$aDragons$vFiction.
=650  \0$aQuests (Expeditions)$vFiction.
=655  \7$aFantasy fiction.$2gsafd
=800  1\$aHobb, Robin.$tRain Wilds chronicles ;$vv. 2.
=914  \\$a1206508
=994  \\$aC0$bZPJ

