=LDR  01659cam  2200397Ia 4500
=001  390311
=005  20160611230133.0
=008  060909s2006\\\\nyu\\\\\\\\\\\000\0\eng\d
=020  \\$a0765353709 :$c{dollar}7.99
=020  \\$a9780765353702
=035  \\$a(OCoLC)ocm71286952 
=035  \\$a(OCoLC)71286952
=040  \\$aWRS$cWRS$dBAKER$dBTCTA$dOCLCG$dCRU$dH{dollar}Y$dUtOrBLW
=049  \\$aH{dollar}YA
=050  14$aPS3558.E72$bR63 2006
=100  1\$aHerbert, Frank.
=245  14$aThe road to Dune /$cFrank Herbert, Brian Herbert, and Kevin J. Anderson.
=250  \\$a1st mass market ed.
=260  \\$aNew York :$bTor,$c2006.
=300  \\$axxi, 436 pages ;$c18 cm
=336  \\$atext$btxt$2rdacontent
=337  \\$aunmediated$bn$2rdamedia
=338  \\$avolume$bnc$2rdacarrier
=500  \\$a"A Tom Doherty Associates book."
=500  \\$aPreface to Hunters of dune : p. [429]-434.
=505  2\$aSpice planet, part I -- Spice planet, part II -- "They stopped the moving sands" -- The letters of Dune -- Unpublished scenes and chapters from Dune and Dune messiah -- Scenes from Frank Herbert's draft film script of Dune -- "Dune : a whisper of Caladan seas" -- "Dune : hunting Harkonnens" -- "Dune : whipping mek" -- "Dune : the faces of a martyr."
=650  \0$aDune (Imaginary place)$vLiterary collections.
=650  \0$aScience fiction$xAuthorship.
=650  \0$aDune (Imaginary place)
=655  \7$aScience fiction.$2gsafd
=700  1\$aHerbert, Brian.
=700  1\$aAnderson, Kevin J.,$d1962- .
=914  \\$a1208892
=938  \\$aBaker & Taylor$bBKTY$c7.99$d6.39$i0765353709$n0006777105$sactive
=938  \\$aBaker and Taylor$bBTCP$nbl2007002228
=994  \\$aC0$bH{dollar}Y

