=LDR  01284cam  22003738a 4500
=001  393705
=005  20160611230432.0
=008  091130s2010\\\\nyu\\\\\\\\\\\000\1\eng\\
=010  \\$a  2009049588
=020  \\$a9780451463418
=020  \\$a0451463412
=035  \\$a(OCoLC)ocn462898460
=035  \\$a(OCoLC)462898460
=040  \\$aDLC$cDLC$dBTCTA$dUPZ$dZS3$dUtOrBLW
=049  \\$aOEKA
=050  00$aPS3569.T543$bT35 2010
=082  00$a813/.54$222
=100  1\$aStirling, S. M.
=245  12$aA taint in the blood :$ba novel of the Shadowspawn /$cS.M. Stirling.
=260  \\$aNew York :$bNew American Library,$c2010.
=263  \\$a1005
=300  \\$a422 pages ;$c24 cm
=336  \\$atext$btxt$2rdacontent
=337  \\$aunmediated$bn$2rdamedia
=338  \\$avolume$bnc$2rdacarrier
=500  \\$a"A ROC book."
=520  \\$aAdrian Breze is more Shadowspawn than human, but he has turned from his own kind to fight for humanity. He battles the dark forces of the world, including those of his own blood ... including his sister twin anima.
=650  \0$aVampires$vFiction.
=650  \0$aTwins$vFiction.
=655  \7$aFantasy fiction.$2gsafd
=655  \7$aOccult fiction.$2gsafd
=800  1\$aStirling, S. M.$tShadowspawn series ;$vbk. 1.
=914  \\$a1221451
=994  \\$aC0$bOEK

