=LDR  01446cam  22003498a 4500
=001  394433
=005  20160611230512.0
=008  100315s2010\\\\nyu\\\\\\\\\\\000\1\eng\\
=010  \\$a  2010009369
=020  \\$a9781439133613 (hardcover)
=020  \\$a1439133611 (hardcover)
=035  \\$a(OCoLC)ocn464593342
=035  \\$a(OCoLC)464593342
=040  \\$aDLC$cDLC$dUKM$dBTCTA$dYDXCP$dUPZ$dZPP$dUtOrBLW
=049  \\$aZPPA
=082  00$a813/.54$222
=100  1\$aWeber, David,$d1952-
=245  10$aMission of honor /$cDavid Weber.
=260  \\$aRiverdale, NY :$bBaen Books :$bDistributed by Simon & Schuster,$c2010.
=263  \\$a1007
=300  \\$a600 pages ;$c25 cm +$e1 CD-ROM (sound, color, ; 4 3/4 in.)
=336  \\$atext$btxt$2rdacontent
=337  \\$aunmediated$bn$2rdamedia
=338  \\$avolume$bnc$2rdacarrier
=500  \\$a"A Baen Books Original."
=520  \\$aThe Star Kingdom of Manticore and the Republic of Haven have been enemies for Honor Harrington's entire life, but Honor has a plan that may finally bring an end to the Havenite Wars and give even the Solarian League pause. But there are forces in play that Honor knows nothing about .... and that could crush the very life out of the Star Kingdom.
=600  \0$aHarrington, Honor$c(Fictitious character)$vFiction.
=650  \0$aSpace warfare$vFiction.
=650  \0$aWomen soldiers$vFiction.
=655  \7$aScience fiction.$2gsafd
=914  \\$a1222895
=994  \\$aC0$bZPP

