=LDR  01020nam  2200337Ma 4500
=001  397278
=005  20160611230744.0
=008  001010r19991998enk\\\\\\\\\\\000\1\eng\d
=020  \\$a1857236106
=020  \\$a9781857236101
=029  1\$aNLGGC$b258680563
=029  1\$aNZ1$b7811151
=035  \\$a(OCoLC)ocm45239169 
=035  \\$a(OCoLC)45239169
=040  \\$aEQO$cEQO$dBAKER$dYDXCP$dH{dollar}Y$dUtOrBLW
=049  \\$aH{dollar}YA
=082  04$a823/.914
=100  1\$aParker, K. J.
=245  10$aColours in the steel /$cK.J. Parker.
=260  \\$aLondon :$bOrbit,$c1999.
=300  \\$a503 pages ;$c18 cm.
=336  \\$atext$btxt$2rdacontent
=337  \\$aunmediated$bn$2rdamedia
=338  \\$avolume$bnc$2rdacarrier
=490  1\$aVolume one of the Fencer trilogy
=500  \\$aOriginally published: 1998.
=800  1\$aParker, K. J.$tFencer trilogy ;$vv. 1.
=914  \\$a1228298
=938  \\$aBaker & Taylor$bBKTY$c9.99$d7.49$i1857236106$n0003667632$sactive
=938  \\$aYBP Library Services$bYANK$n100142365
=994  \\$aC0$bH{dollar}Y

