=LDR  01289cam  22003378a 4500
=001  398246
=005  20160611230833.0
=008  100805s2010\\\\nyu\\\\\\\\\\\000\1\eng\\
=010  \\$a  2010032593
=020  \\$a9780765317919
=020  \\$a0765317915
=035  \\$a(OCoLC)ocn471818791
=035  \\$a(OCoLC)471818791
=040  \\$aDLC$cDLC$dUKM$dBTCTA$dYDXCP$dBWX$dUPZ$dB2A$dUtOrBLW
=049  \\$aZPPA
=082  00$a813/.54$222
=100  1\$aSalvatore, R. A.,$d1959-
=245  14$aThe bear /$cR.A. Salvatore.
=250  \\$a1st ed.
=260  \\$aNew York :$bTor,$c2010.
=263  \\$a1008
=300  \\$a447 pages ;$c25 cm
=336  \\$atext$btxt$2rdacontent
=337  \\$aunmediated$bn$2rdamedia
=338  \\$avolume$bnc$2rdacarrier
=500  \\$a"A Tom Doherty Associates book."
=520  \\$aThe war of Honce drags on, and the roads and seas are littered with bodies. Trapped, Dame Gwydre and Father Artolivan concoct a desperate plot to join forces with Laird Ethelbert and Bransen seeks to extricate himself from the selfish goals of all the combatants, including his old nemesis, Bannagran--the Bear of Honce and the man who slew his adoptive father.
=650  \0$aImaginary wars and battles$vFiction.
=655  \7$aFantasy fiction.$2gsafd
=914  \\$a1229973
=994  \\$aC0$bZPP

