=LDR  01144cam  2200373M  4500
=001  398340
=005  20160611230838.0
=008  050424r20001999enk\\\\\\\\\\\000\f\eng\d
=015  \\$aGBA0-22696
=020  \\$a1857239601
=020  \\$a9781857239607
=029  1\$aNZ1$b5898923
=029  1\$aAU@$b000021910114
=035  \\$a(OCoLC)ocm59434567 
=035  \\$a(OCoLC)59434567
=040  \\$aUKV3G$cUKV3G$dVP@$dYDXCP$dH{dollar}Y$dUtOrBLW
=049  \\$aH{dollar}YA
=082  04$a823.914$221
=100  1\$aParker, K. J.
=245  14$aThe belly of the bow :$bvolume two of the Fencer trilogy /$cK.J. Parker.
=260  \\$aLondon :$bOrbit,$c1999$g(2000 [printing])
=300  \\$a521 pages ;$c18 cm.
=336  \\$atext$btxt$2rdacontent
=337  \\$aunmediated$bn$2rdamedia
=338  \\$avolume$bnc$2rdacarrier
=490  1\$aFencer trilogy ;$vv.2
=650  \0$aBowyers$vFiction.
=650  \0$aBrothers and sisters$vFiction.
=650  \0$aImaginary wars and battles$vFiction.
=655  \7$aFantasy fiction.$2gsafd
=800  1\$aParker, K. J.$tFencer trilogy ;$vv.2.
=914  \\$a1230143
=938  \\$aYBP Library Services$bYANK$n100179672
=994  \\$aC0$bH{dollar}Y

