=LDR  02961cam  2201021M  4500
=001  398341
=005  20160611230838.0
=008  050425s2000\\\\enk\\\\\\\\\\\000\f\eng\d
=015  \\$aGBA0-X1574
=019  \\$a44562010
=020  \\$a1841490180
=020  \\$a9781841490182
=029  1\$aUKM$bbA0X1574
=029  1\$aNZ1$b5726821
=029  1\$aAU@$b000021641739
=029  1\$aUNITY$b02008899X
=029  1\$aBIRCL$b1841490180
=029  1\$aUKSFD$b1841490180
=029  1\$aCOVCL$b1841490180
=029  1\$aUKHER$b1841490180
=029  1\$aWARCC$b1841490180
=029  1\$aEUSCL$b1841490180
=029  1\$aCENLI$b1841490180
=029  1\$aWOLVL$b1841490180
=029  1\$aUKWCC$b1841490180
=029  1\$aUKBED$b1841490180
=029  1\$aUKLBB$b1841490180
=029  1\$aUKBCC$b1841490180
=029  1\$aUKELG$b1841490180
=029  1\$aUKLBR$b1841490180
=029  1\$aUKHCC$b1841490180
=029  1\$aUKRED$b1841490180
=029  1\$aUKKCC$b1841490180
=029  1\$aUKKUT$b1841490180
=029  1\$aUKESR$b1841490180
=029  1\$aUKWFT$b1841490180
=029  1\$aUKBNT$b1841490180
=029  1\$aUKHAV$b1841490180
=029  1\$aUKGRN$b1841490180
=029  1\$aUKLON$b1841490180
=029  1\$aUKISL$b1841490180
=029  1\$aUKSOU$b1841490180
=029  1\$aUKLTH$b1841490180
=029  1\$aREABC$b1841490180
=029  1\$aUKMAN$b1841490180
=029  1\$aUKCCC$b1841490180
=029  1\$aUKBCH$b1841490180
=029  1\$aUKSRS$b1841490180
=029  1\$aUKWIR$b1841490180
=029  1\$aUKBCI$b1841490180
=029  1\$aGLOCC$b1841490180
=029  1\$aUKHCL$b1841490180
=029  1\$aUKSCO$b1841490180
=029  1\$aSOUCL$b1841490180
=029  1\$aUKTLS$b1841490180
=029  1\$aUKNTL$b1841490180
=029  1\$aUKSTC$b1841490180
=029  1\$aUKNFK$b1841490180
=029  1\$aUKLLS$b1841490180
=029  1\$aUKBDF$b1841490180
=029  1\$aUKCLM$b1841490180
=029  1\$aUKHUL$b1841490180
=029  1\$aUKKLI$b1841490180
=029  1\$aUKNYK$b1841490180
=029  1\$aUKWLI$b1841490180
=029  1\$aUKPMB$b1841490180
=029  1\$aUKNLL$b1841490180
=029  1\$aUKPTR$b1841490180
=035  \\$a(OCoLC)ocm59562982 
=035  \\$a(OCoLC)59562982$z(OCoLC)44562010
=040  \\$aUKV3G$cUKV3G$dUKM$dBAKER$dYDXCP$dCRU$dH{dollar}Y$dUtOrBLW
=049  \\$aH{dollar}YA
=050  14$aPR6066.A5794$bP76 2003
=082  04$a823.914$221
=100  1\$aParker, K. J.
=245  14$aThe proof house /$cK. J. Parker.
=260  \\$aLondon :$bOrbit,$c2000.
=300  \\$a602 pages ;$c18 cm.
=336  \\$atext$btxt$2rdacontent
=337  \\$aunmediated$bn$2rdamedia
=338  \\$avolume$bnc$2rdacarrier
=490  1\$aThe Fencer trilogy ;$vv.3
=655  \7$aFantasy fiction.$2gsafd
=800  1\$aParker, K. J.$tFencer trilogy ;$vv.3.
=914  \\$a1230144
=938  \\$aBaker & Taylor$bBKTY$c9.99$d7.49$i1841490180$n0004171451$sactive
=938  \\$aYBP Library Services$bYANK$n100215503
=994  \\$aC0$bH{dollar}Y

