=LDR  01510cam  22004098a 4500
=001  402148
=005  20160612061136.0
=008  090729s2010\\\\nyu\\\\\\\\\\\000\1\eng\\
=010  \\$a  2009030660
=020  \\$a9780446551755
=020  \\$a0446551759
=035  \\$a(OCoLC)ocn429473637
=035  \\$a(OCoLC)429473637
=040  \\$aDLC$cDLC$dYDXCP$dUPZ$dIH9$dZRK$dUtOrBLW
=049  \\$aZRKA
=050  00$aPR6119.H35$bP76 2010
=082  00$a823/.92$222
=100  1\$aShan, Darren.
=245  10$aProcession of the dead :$bthe city book one /$cDarren Shan.
=250  \\$a1st U.S. ed.
=260  \\$aNew York :$bGrand Central Pub.,$c2010.
=263  \\$a1006
=300  \\$a278 pages ;$c25 cm.
=336  \\$atext$btxt$2rdacontent
=337  \\$aunmediated$bn$2rdamedia
=338  \\$avolume$bnc$2rdacarrier
=490  1\$aCity trilogy ;$v1
=520  \\$aYoung, quick-witted and cocksure, Capac Raimi arrives in the City determined to make his mark in a world of sweet, sinister sin. Then Capac crosses paths with The Cardinal, and his life changes forever. Faced with hard choices and his own soaring ambition, Capac must find his way alone in this deadly world.
=521  8\$aHL670L$bLexile
=526  \\$aAccelerated Reader$bUG$c4.7$d14$e14$z138344
=650  \0$aGangsters$vFiction.
=650  \0$aMagic realism (Literature)
=655  \7$aNoir fiction.$2gsafd
=800  1\$aShan, Darren.$tCity trilogy ;$v1.
=800  1\$aYep, Laurence,$d1948-$tCity trilogy ;$v1.
=914  \\$a1237429
=994  \\$aC0$bZRK

