=LDR  02526cam  2200385Ia 4500
=001  402501
=005  20170428114618.0
=008  020201s2002\\\\nyu\\\\\\\\\\\000\1\eng\d
=020  \\$a0765343436 (pbk.) :$c{dollar}6.99
=020  \\$a9780765343437 (pbk.)
=035  \\$a(OCoLC)ocm48916215 
=035  \\$a(OCoLC)48916215
=040  \\$aBKL$cBKL$dXY4$dOCL$dBAKER$dYDXCP$dGRR$dJBO$dUtOrBLW
=049  \\$aZPPA
=050  \4$aPR9619.3.M26755$bD3 2002x
=082  04$a813.54$222
=100  1\$aMarillier, Juliet.
=245  10$aDaughter of the forest /$cJuliet Marillier.
=250  \\$a1st mass market ed.
=260  \\$aNew York :$bTOR,$c2002.
=300  \\$a554 pages ;$c18 cm.
=336  \\$atext$btxt$2rdacontent
=337  \\$aunmediated$bn$2rdamedia
=338  \\$avolume$bnc$2rdacarrier
=490  1\$aSevenwaters trilogy ;$vbk. 1
=500  \\$a"A Tom Doherty Associates book."
=520  \\$aFirst in a new trilogy. Sorcha is the seventh child and only daughter of Lord Colum of Sevenwaters. Her joy is shattered when her widowed father is bewitched by an evil enchantress who binds her brothers with a terrible spell. Only Sorcha can lift the spell by staying silent. If she speaks before completing the quest set to her by the Fair Folk and their queen, she will lose her brothers forever. Lovely Sorcha is the seventh child and only daughter of Lord Colum of Sevenwaters. Bereft of a mother, she is comforted by her six brothers who love and protect her. Sorcha is the light in their lives, they are determined that she know only contentment. But Sorcha's joy is shattered when her father is bewitched by his new wife, an evil enchantress who binds her brothers with a terrible spell, a spell which only Sorcha can lift-by staying silent. If she speaks before she completes the quest set to her by the Fair Folk and their queen, the Lady of the Forest, she will lose her brothers forever. When Sorcha is kidnapped by the enemies of Sevenwaters and taken to a foreign land, she is torn between the desire to save her beloved brothers, and a love that comes only once. Sorcha despairs at ever being able to complete her task, but the magic of the Fair Folk knows no boundaries, and love is the strongest magic of them all.
=521  8\$a800L$bLexile
=526  \\$aAccelerated Reader$bUG$c6.2$d32$e32$z52013
=650  \0$aYoung women$vJuvenile fiction.
=650  \0$aFantasy$vJuvenile literature.
=650  \0$aFantasy fiction.
=800  1\$aMarillier, Juliet.$tSevenwaters trilogy;$vbk. 1.
=914  \\$a1238162
=994  \\$aC0$bZPP

