=LDR  01845cam  22004098a 4500
=001  403952
=005  20160612061240.0
=008  100412t20102010nyu\\\\\\\\\\\000\1\eng\\
=010  \\$a  2010014968
=020  \\$a9780345484178 (acid-free paper)
=020  \\$a0345484177 (acid-free paper)
=035  \\$a(OCoLC)ocn471789388
=040  \\$aDLC$cDLC$dBTCTA$dYDXCP$dLF3$dFTL$dUPZ$dZPJ$dUtOrBLW
=049  \\$aZPJA
=050  00$aPS3552.R6596$bB43 2010
=082  00$a813/.54$222
=100  1\$aBrooks, Terry.
=245  10$aBearers of the black staff /$cTerry Brooks.
=250  \\$a1st ed.
=260  \\$aNew York :$bBallantine Books,$c[2010], {copy}2010.
=300  \\$a353 pages ;$c25 cm.
=336  \\$atext$btxt$2rdacontent
=337  \\$aunmediated$bn$2rdamedia
=338  \\$avolume$bnc$2rdacarrier
=490  1\$aLegends of Shannara ; 1
=520  \\$aWhen Sider Ament, the only surviving descendant of the Knights of the Word, detects unknown predators stalking the valley and Panterra Qu and Prue Liss, expert Trackers from the human village of Glensk Wood, find two of their own gruesomely killed, there can be no doubt: The once safe haven of generations has been laid bare and made vulnerable to whatever still lurks in the wasteland of the outside world. And in the thick of it all, the last wielder of the black staff and its awesome magic must find a successor to carry on the fight against the cresting new wave of evil.
=521  8\$a870L$bLexile
=526  \\$aAccelerated Reader$bUG$c6.1$d21$e21$z141095
=650  \0$aShannara (Imaginary place)$vFiction.
=650  \0$aKnights and knighthood$vFiction.
=650  \0$aGood and evil$vFiction.
=650  \0$aElves$vFiction.
=650  \0$aMagic$vFiction.
=655  \7$aFantasy fiction.$2gsafd
=800  1\$aBrooks, Terry.$tLegends of Shannara;$v1.
=914  \\$a1240543
=994  \\$aC0$bZPJ

