=LDR  01255cam  22003498a 4500
=001  403954
=005  20160611231331.0
=008  100412s2010\\\\nyu\\\\\\\\\\\000\1\eng\\
=010  \\$a  2010015073
=020  \\$a9780345496577 (hardcover : alk. paper)
=020  \\$a0345496574 (hardcover : alk. paper)
=035  \\$a(OCoLC)ocn491896005
=040  \\$aDLC$cDLC$dBTCTA$dLIV$dYDXCP$dZPP$dIK2$dZPJ$dUtOrBLW
=049  \\$aZPJA
=050  00$aPR6058.A5536$bE86 2010
=082  00$a823/.914$222
=100  1\$aHamilton, Peter F.
=245  14$aThe evolutionary void /$cPeter F. Hamilton.
=250  \\$a1st ed.
=260  \\$aNew York :$bBallantine Books,$c2010.
=263  \\$a1009
=300  \\$a694 pages ;$c25 cm
=336  \\$atext$btxt$2rdacontent
=337  \\$aunmediated$bn$2rdamedia
=338  \\$avolume$bnc$2rdacarrier
=520  \\$aAraminta becomes the target of a galaxywide search by a government agent seeking to prevent the pilgrimage of a cult into the heart of the Void, while Edeard, the Waterwalker, finds himself faced with powerful new enemies.
=650  \0$aDreams$vFiction.
=650  \0$aInterstellar travel$vFiction.
=650  \0$aLife on other planets$vFiction.
=655  \7$aScience fiction.$2gsafd
=914  \\$a1240546
=994  \\$aC0$bZPJ

