=LDR  01026nam  2200325Ma 4500
=001  404353
=005  20160611231351.0
=008  100624r20102004nyu\\\\\\\\\\\000\1\eng\d
=020  \\$a9780451463357
=020  \\$a0451463358
=035  \\$a(OCoLC)ocn645665674
=035  \\$a(OCoLC)645665674
=040  \\$aC#L$cC#L$dY#4$dUtOrBLW
=050  14$aPS3602.U85$bB55 2010
=082  04$a813/.6$222
=100  1\$aButcher, Jim,$d1971-
=245  10$aBlood rites :$ba novel of the Dresden files /$cJim Butcher.
=260  \\$aNew York :$bRoc,$c[2010], {copy}2004.
=300  \\$a372 pages ;$c24 cm.
=336  \\$atext$btxt$2rdacontent
=337  \\$aunmediated$bn$2rdamedia
=338  \\$avolume$bnc$2rdacarrier
=490  1\$aDresden files ;$vbk. 6
=500  \\$aReprint. Originally published: 2004.
=650  \0$aDresden, Harry (Fictitious character)$vFiction.
=650  \0$aWizards$vFiction.
=655  \7$aFantasy fiction.$2gsafd
=655  \7$aMystery fiction.$2gsafd
=800  1\$aButcher, Jim,$d1971-$tDresden files;$vbk. 6.
=914  \\$a1241286

