=LDR  01375cam  22003858a 4500
=001  404459
=005  20160611231357.0
=008  100809s2010\\\\nyu\\\\\\\\\\\000\1\eng\\
=010  \\$a  2010032570
=020  \\$a9780765324122 :$c{dollar}25.99
=020  \\$a0765324121
=035  \\$a(OCoLC)ocn567188387
=035  \\$a(OCoLC)567188387
=040  \\$aDLC$cDLC$dUKM$dBTCTA$dYDXCP$dUPZ$dWIQ$dABG$dOEK$dUtOrBLW
=049  \\$aOEKA
=050  00$aPS3573.E217$bO98 2010
=082  00$a813/.54$222
=100  1\$aWeber, David,$d1952-
=245  10$aOut of the dark /$cDavid Weber.
=250  \\$a1st ed.
=260  \\$aNew York, NY :$bTor,$c2010.
=300  \\$a381 pages ;$c25 cm
=336  \\$atext$btxt$2rdacontent
=337  \\$aunmediated$bn$2rdamedia
=338  \\$avolume$bnc$2rdacarrier
=500  \\$a"A Tom Doherty Associates book."
=520  \\$aA master sergeant prowling the back country of the Balkans and a firearms instructor and former Marine find themselves at the center of a growing network of resistance against an invading force of alien, carnivorous Shongari intent on annihilating the human race.
=650  \0$aExtraterrestrial beings$vFiction.
=650  \0$aSpace warfare$vFiction.
=650  \0$aVampires$vFiction.
=655  \7$aScience fiction.$2gsafd
=655  \7$aWar stories.$2gsafd
=655  \7$aScience fiction.$2lcgft
=914  \\$a1241511
=994  \\$aC0$bOEK

