=LDR  01381cam  2200385 a 4500
=001  405346
=005  20160611231444.0
=008  090811s2010\\\\nyub\\\\\b\\\\000\f\eng\\
=010  \\$a  2009032391
=020  \\$a9780316076395
=020  \\$a0316076392
=035  \\$a(OCoLC)ocn430678964
=035  \\$a(OCoLC)430678964
=040  \\$aDLC$cDLC$dYDX$dIHI$dYDXCP$dVP@$dUtOrBLW
=043  \\$af-ua---
=049  \\$aOEKA
=050  00$aPS3607.R338$bS74 2010
=082  00$a813/.6$222
=100  1\$aGraham, Jo,$d1968-
=245  10$aStealing fire /$cJo Graham.
=250  \\$a1st ed.
=260  \\$aNew York :$bOrbit,$c2010.
=300  \\$a323 pages :$bmap ;$c21 cm
=336  \\$atext$btxt$2rdacontent
=337  \\$aunmediated$bn$2rdamedia
=338  \\$avolume$bnc$2rdacarrier
=500  \\$aIncludes reading group guide.
=504  \\$aIncludes bibliographical references (pages 305-306).
=520  \\$aAided by the eunuch Bagoas, the Persian archer Artashir, and the Athenian courtesan Thais, Ptolemy and Lydias must take on all the contenders in a desperate adventure whose prize is the fate of a white city by the sea, and Alexander's legacy.
=600  00$aAlexander,$cthe Great,$d356 B.C.-323 B.C.$vFiction.
=651  \0$aEgypt$xHistory$yTo 332 B.C.$vFiction.
=655  \7$aHistorical fiction.$2gsafd
=655  \7$aAdventure fiction.$2gsafd
=914  \\$a1243160
=994  \\$aC0$bOEK

