=LDR  01486cam  2200385 a 4500
=001  405747
=005  20160612061341.0
=008  100429t20102010tnub\\\\\\\\\\000\1\eng\\
=010  \\$a  2010017750
=020  \\$a9781595548047 (hardcover)
=020  \\$a1595548041 (hardcover)
=035  \\$a(OCoLC)ocn526091458
=040  \\$aDLC$cDLC$dBTCTA$dUPZ$dYDXCP$dBKX$dUtOrBLW
=049  \\$aZPJA
=050  00$aPS3562.A865$bS57 2010
=082  00$a813/.54$222
=100  1\$aLawhead, Stephen R.,$d1950-
=245  14$aThe skin map /$cStephen R. Lawhead.
=260  \\$aNashville, Tenn. :$bThomas Nelson,$c[2010], {copy}2010.
=300  \\$a403 pages :$bmap ;$c25 cm.
=336  \\$atext$btxt$2rdacontent
=337  \\$aunmediated$bn$2rdamedia
=338  \\$avolume$bnc$2rdacarrier
=490  1\$aBright Empires ;$vno. 1
=520  \\$aWhen Kit Livingstone learns that Britain's "ley lines" are not legends but pathways to other worlds, he's determined to find a map tattooed on a piece of skin in order to travel to the dangerous realms. But are the intricate codes more than they seem--can they really begin a quest to regain paradise?
=526  \\$aAccelerated Reader$bUG$c6.2$d17$e17$z160848
=650  \0$aTime travel$vFiction.
=650  \0$aLeys$vFiction.
=650  \0$aSpace and time$vFiction.
=650  \0$aMaps$vFiction.
=651  \0$aGreat Britain$vFiction.
=655  \7$aFantasy fiction.$2gsafd
=800  1\$aLawhead, Steve.$tBright Empires ;$vno. 1.
=914  \\$a1243999
=994  \\$aC0$bZPJ

