=LDR  01733cam  2200421 a 4500
=001  407538
=005  20170108014604.0
=008  100914s2010\\\\nyuab\\\\\\\\\000\1\eng\\
=010  \\$a  2010036685
=020  \\$a9780765325945
=020  \\$a0765325942
=035  \\$a(OCoLC)ocn660034192
=035  \\$a(OCoLC)660034192$z(OCoLC)613431958
=040  \\$aDLC$cDLC$dIG#$dUPZ$dBTCTA$dWVR$dYDXCP$dT7B$dGPI$dZRK$dUtOrBLW
=049  \\$aZRKA
=050  00$aPS3560.O7617$bT69 2010
=082  00$a813/.54$222
=100  1\$aJordan, Robert,$d1948-2007.
=245  10$aTowers of midnight /$cRobert Jordan and Brandon Sanderson.
=250  \\$a1st ed.
=260  \\$aNew York :$bTor Fantasy,$c2010.
=300  \\$a861 pages :$billustrations, maps ;$c25 cm.
=336  \\$atext$btxt$2rdacontent
=337  \\$aunmediated$bn$2rdamedia
=338  \\$avolume$bnc$2rdacarrier
=490  1\$aThe Wheel of time ;$vbk. 13
=490  1\$aTor fantasy
=500  \\$aMaps on lining papers.
=500  \\$a"A Tom Doherty Associates book."
=520  \\$aAs the seals on the Dark One's prison crumble and the armies of the Shadow boil out of the Blight, Perrin Aybara, hunted by specters from his past, must seek answers in "Tel'aran'rhiod" and find a way to master the wolf within him--or lose himself to it forever. Meanwhile, Matrim Cauthon prepares for the most difficult challenge of his life ... as The Tower of Ghenjei awaits.
=526  \\$aAccelerated Reader$bUG$c4.9$d49$e49$z141084
=650  \0$aRand al'Thor (Fictitious character)$vFiction.
=655  \7$aFantasy fiction.$2gsafd
=700  1\$aSanderson, Brandon.
=800  1\$aJordan, Robert,$d1948-2007.$tWheel of time ;$vbk. 13.
=830  \0$aTor fantasy.
=914  \\$a1247550
=994  \\$aC0$bZRK

