=LDR  01474cam  2200385Ia 4500
=001  408016
=005  20160611231705.0
=008  101011t20102010nyub\\\\\\\\\\000\1\eng\d
=019  \\$a555645174
=020  \\$a9780756406400
=020  \\$a0756406404
=035  \\$a(OCoLC)ocn669672612
=040  \\$aUPZ$cUPZ$dBTCTA$dM{dollar}K$dIEB$dLF3$dBUL$dUtOrBLW
=049  \\$aZPJA
=050  \4$aPS3573.I45563$bS535 2010
=082  04$a813/.54$222
=100  1\$aWilliams, Tad.
=245  10$aShadowheart /$cTad Williams.
=246  3\$aShadow heart
=260  \\$aNew York :$bDAW Books,$c[2010], {copy}2010.
=300  \\$axxxvi, 730 pages :$bmaps ;$c24 cm.
=336  \\$atext$btxt$2rdacontent
=337  \\$aunmediated$bn$2rdamedia
=338  \\$avolume$bnc$2rdacarrier
=490  1\$aShadowmarch ;$vv. [4]
=490  1\$aDAW book collectors ;$vno. 1526
=520  \\$aSomething is awakening underneath Southmarch Castle, something powerful and terrible that the world has not seen for thousands of years. Can its young defenders Barrick and Briony, along with a tiny handful of allies, ordinary and extraordinary, find a way to save their world and prevent the rise of a terrible new age--an age of unending darkness?
=650  \0$aGods$vFiction.
=650  \0$aFate and fatalism$vFiction.
=650  \0$aTwins$vFiction.
=655  \7$aFantasy fiction.$2lcgft
=800  1\$aWilliams, Tad.$tShadowmarch ;$vv. 4.
=830  \0$aDAW book collectors ;$vno. 1526.
=914  \\$a1248422
=994  \\$aC0$bZPJ

