=LDR  01244cam  2200373Ia 4500
=001  408455
=005  20160611231727.0
=008  090812t20102010wau\\\\\\\\\\\000\1\eng\d
=020  \\$a9780786954834 (pbk.)
=020  \\$a0786954833 (pbk.)
=029  1\$aAU@$b000045566164
=029  1\$aNZ1$b13321852
=035  \\$a(OCoLC)ocn430839004
=035  \\$a(OCoLC)430839004
=040  \\$aBTCTA$cBTCTA$dIEP$dB2A$dH{dollar}Y$dUtOrBLW
=049  \\$aH{dollar}YA
=100  1\$aWeis, Margaret.
=245  10$aDragons of the hourglass mage /$cMargaret Weis & Tracy Hickman.
=246  1\$iAt head of title on cover:$aDungeons & dragons
=260  \\$aRenton, WA :$bWizards of the Coast,$c[2010], {copy}2010.
=300  \\$a402 pages ;$c18 cm.
=336  \\$atext$btxt$2rdacontent
=337  \\$aunmediated$bn$2rdamedia
=338  \\$avolume$bnc$2rdacarrier
=490  1\$aThe lost chronicles ;$vv. 3
=490  0\$aDragonlance
=500  \\$aOriginally published: Renton, WA : Wizards of the Coast, 2009.
=650  \0$aDragons$vFiction.
=650  \0$aKrynn (Imaginary place)$vFiction.
=655  \7$aFantasy fiction.$2gsafd
=700  1\$aHickman, Tracy.
=730  0\$aDungeons & dragons.
=800  1\$aWeis, Margaret.$tDragonLance saga, Lost chronicles ;$vv. 3.
=914  \\$a1249313

