=LDR  01192cam  22003738a 4500
=001  408617
=005  20160612061524.0
=008  100410t20102010nyub\\\\\\\\\\000\f\eng\\
=010  \\$a  2010014672
=020  \\$a9780345491169 :$c{dollar}26.00
=020  \\$a0345491165 :$c{dollar}26.00
=020  \\$a9780345491176 (pbk)
=035  \\$a(OCoLC)ocn466340667
=035  \\$a(OCoLC)466340667
=040  \\$aDLC$cDLC$dBTCTA$dVUE$dYDXCP$dJST$dJRS$dIP6$dE9G$dUtOrBLW
=049  \\$aE9GA
=050  00$aPS3563.A25525$bD68 2010
=082  00$a813/.54$222
=100  1\$aMcCaffrey, Todd,$d1956-
=245  10$aDragongirl /$cTodd McCaffrey.
=250  \\$a1st ed.
=260  \\$aNew York :$bDel Rey-Ballantine Books,$c[2010], {copy}2010.
=300  \\$axiii, 482 pages :$bmap ;$cc25 cm.
=336  \\$atext$btxt$2rdacontent
=337  \\$aunmediated$bn$2rdamedia
=338  \\$avolume$bnc$2rdacarrier
=490  1\$aDragonriders of Pern
=526  \\$aAccelerated Reader$bUG$c6.0$d24$e24$z138961
=650  \0$aDragons$vFiction.
=650  \0$aPern (Imaginary place)$vFiction.
=655  \7$aScience fiction.$2lcgft
=655  \7$aFantasy fiction.$2lcgft
=800  1\$aMcCaffrey, Anne.$tDragonriders of Pern;$v28.
=914  \\$a1249608

