=LDR  01130cam  2200313Ia 4500
=001  409050
=005  20160611231758.0
=008  090905t20102009nyu\\\\\\\\\\\000\1\eng\d
=020  \\$a9780345496560 (pbk.)
=020  \\$a0345496566 (pbk.)
=035  \\$a(OCoLC)ocn436030113
=035  \\$a(OCoLC)436030113
=040  \\$aBTCTA$cBTCTA$dUMR$dMTHPL$dUtOrBLW
=049  \\$aMAIN
=050  00$aPR6058.A5536$bT46 2010
=100  1\$aHamilton, Peter F.
=245  14$aThe temporal void /$cPeter F. Hamilton.
=250  \\$aMass market ed.
=260  \\$aNew York :$bDel Rey,$c2010, {copy}2009.
=300  \\$a667 pages ;$c18 cm
=336  \\$atext$btxt$2rdacontent
=337  \\$aunmediated$bn$2rdamedia
=338  \\$avolume$bnc$2rdacarrier
=520  \\$aThe Intersolar Commonwealth is in turmoil and at the center of the controversy is Edeard, the Waterwalker, whose crusade against corruption, injustice, and violence in the face of temptation and betrayal will test his extraordinary powers.
=650  \0$aLife on other planets$vFiction.
=650  \0$aDreams$vFiction.
=655  \7$aScience fiction.$2gsafd
=914  \\$a1250511
=994  \\$aC0$bMTHPL

