=LDR  01793cam  22004218a 4500
=001  409682
=005  20170316100623.0
=008  100715t20102010nyu\\\\\\\\\\\000\1\eng\\
=010  \\$a  2010028768
=020  \\$a9780451463654
=020  \\$a045146365X
=020  \\$a9780451463845
=020  \\$a0451463846
=035  \\$a(OCoLC)ocn555645185
=035  \\$a572207
=040  \\$aDLC$cDLC$dBTCTA$dKN4$dJOY$dVP@$dZPJ$dUtOrBLW
=043  \\$an-us-il
=049  \\$aZPJA
=050  00$aPS3602.U85$bS53 2010
=082  00$a813/.6$222
=100  1\$aButcher, Jim,$d1971-
=245  10$aSide jobs :$bstories from the Dresden files /$cJim Butcher.
=260  \\$aNew York :$bNew American Library,$c[2010], {copy}2010.
=300  \\$a418 pages ;$c24 cm.
=336  \\$atext$btxt$2rdacontent
=337  \\$aunmediated$bn$2rdamedia
=338  \\$avolume$bnc$2rdacarrier
=490  1\$aDresden files
=500  \\$a"A ROC Book."
=505  0\$aA Restoration of faith -- Vignette -- Something borrowed -- It's my birthday, too -- Heorot -- Day off -- Backup -- The Warrior -- Last call -- Love hurts -- Aftermath.
=520  \\$aHere, together for the first time, are the shorter works of #1 New York Times bestselling author Jim Butcher -- a compendium of cases that Harry Dresden and his cadre of allies managed to close in record time. The tales range from the deadly serious to the absurdly hilarious. Also included is a new, never-before-published novella that takes place after the cliff-hanger ending of the new April 2010 hardcover, Changes.
=650  \0$aDresden, Harry (Fictitious character)$vFiction.
=650  \0$aWizards$vFiction.
=651  \0$aChicago (Ill.)$vFiction.
=655  \7$aFantasy fiction.$2gsafd
=800  1\$aButcher, Jim,$d1971-$tDresden files.
=914  \\$a1251871
=994  \\$aC0$bZPJ

