=LDR  01487cam  22003738a 4500
=001  409717
=005  20160611231831.0
=008  100714s2010\\\\wau\\\\\\\\\\\000\1\eng\\
=010  \\$a  2010028403
=020  \\$a9780786955008
=020  \\$a0786955007
=035  \\$a(OCoLC)ocn500797204
=040  \\$aDLC$cDLC$dBTCTA$dMCLSW$dT7B$dFN4$dUPZ$dRLS$dZPJ$dUtOrBLW
=049  \\$aZPJA
=050  00$aPS3569.A462345$bG38 2010
=082  00$a813/.54$222
=100  1\$aSalvatore, R. A.,$d1959-
=245  10$aGauntlgrym /$cR.A. Salvatore ; cover art Todd Lockwood.
=260  \\$aRenton, WA :$bWizards of the Coast,$c2010.
=263  \\$a1010
=300  \\$a345 pages ;$c24 cm.
=336  \\$atext$btxt$2rdacontent
=337  \\$aunmediated$bn$2rdamedia
=338  \\$avolume$bnc$2rdacarrier
=490  1\$aNeverwinter trilogy ;$vbk. 1
=500  \\$a"Forgotten realms."
=520  \\$aDrizzt joins Bruenor on his quest for the fabled dwarven kingdom of Gauntlgrym, but before they even get close, another drow and dwarf pair -- Jarlaxle and Athrogate -- stumbles across it first -- and set into motion a catastrophe that could spell disaster for the unsuspecting people of the city of Neverwinter.
=650  \0$aDrizzt Do'Urden (Fictitious character)$vFiction.
=650  \0$aForgotten realms (Imaginary place)$vFiction.
=650  \0$aDwarfs$vFiction.
=655  \7$aFantasy fiction.$2gsafd
=800  1\$aSalvatore, R. A.,$d1959-$tNeverwinter trilogy ;$vbk. 1.
=914  \\$a1251928
=994  \\$aC0$bZPJ

