=LDR  01638cam  22004698a 4500
=001  413974
=005  20170108014606.0
=008  101015s2011\\\\nyu\\\\\\\\\\\000\1\eng\\
=010  \\$a  2010043196
=020  \\$a9780765326577
=020  \\$a0765326574
=035  \\$a(OCoLC)ocn648923007
=035  \\$a(OCoLC)648923007
=040  \\$aDLC$cDLC$dBTCTA$dYDXCP$dUPZ$dIEB$dUtOrBLW
=049  \\$aZFRA
=050  00$aPS3553.A655$bL675 2011
=082  00$a813/.54$222
=100  1\$aCard, Orson Scott.
=245  14$aThe lost gate /$cOrson Scott Card.
=250  \\$a1st ed.
=260  \\$aNew York :$bTor,$c2011.
=263  \\$a1101
=300  \\$a384 pages ;$c25 cm.
=336  \\$atext$btxt$2rdacontent
=337  \\$aunmediated$bn$2rdamedia
=338  \\$avolume$bnc$2rdacarrier
=490  1\$aNovel of the Mither mages
=500  \\$a"A Tom Doherty Associates book."
=520  \\$aDanny grew up in a family compound in Virginia, believing that he alone of his family had no magical power. But he was wrong. Kidnapped from his high school by a rival family, he learns that he has the power to reopen the gates between Earth and the world of Westil.
=521  8\$a860L$bLexile
=526  \\$aAccelerated Reader$bUG$c5.8$d19$e19$z145261
=650  \0$aFamily secrets$vFiction.
=650  \0$aMagi$vFiction.
=650  \0$aMagic$vFiction.
=655  \7$aOccult fiction.$2gsafd
=800  1\$aCard, Orson Scott.$tNovel of the Mither mages.
=914  \\$a1260308
=994  \\$aC0$bZFR
=029  1\$aAU@$b000045983565
=029  1\$aNZ1$b13505250
=938  \\$aBaker and Taylor$bBTCP$nBK0009129445
=938  \\$aYBP Library Services$bYANK$n3456364

