=LDR  01412cam  2200361 a 4500
=001  413982
=005  20160611232218.0
=008  100920t20102010nyu\\\\\\\\\\\000\1\eng\\
=010  \\$a  2010038150
=020  \\$a9780345513786 (hardcover : alk. paper)
=020  \\$a0345513789 (hardcover : alk. paper)
=035  \\$a(OCoLC)ocn606763690
=040  \\$aDLC$cDLC$dIG#$dBTCTA$dM{dollar}K$dUPZ$dWIM$dB2A$dZPJ$dUtOrBLW
=049  \\$aZPJA
=050  00$aPS3563.A255$bC37 2010
=082  00$a813/.54$222
=100  1\$aMcCaffrey, Anne.
=245  10$aCatacombs :$ba tale of the Barque cats /$cAnne McCaffrey, Elizabeth Ann Scarborough.
=250  \\$a1st ed.
=260  \\$aNew York :$bBallantine Books,$c[2010], {copy}2010.
=300  \\$a236 pages ;$c25 cm
=336  \\$atext$btxt$2rdacontent
=337  \\$aunmediated$bn$2rdamedia
=338  \\$avolume$bnc$2rdacarrier
=500  \\$aSequel to: Catalyst.
=520  1\$aThe barque cats, mistaken for a public health hazard, flee Earth for the feline-dominated planet, Mau, with the help of Pshaw-Ra, a mysterious cat with his own spaceship. Oddly, no one--including the humans--is bothered that he plans to take over the universe on behalf of felinekind.
=650  \0$aCats$vFiction.
=650  \0$aTelepathy$vFiction.
=650  \0$aInterstellar travel$vFiction.
=655  \7$aScience fiction.$2gsafd
=700  1\$aScarborough, Elizabeth Ann.
=914  \\$a1260337
=994  \\$aC0$bZPJ

