=LDR  01066cam  22003618a 4500
=001  415062
=005  20160611232315.0
=008  100719r20102002nyu\\\\\\\\\\\000\1\eng\\
=010  \\$a  2010029660
=020  \\$a9781616142483 (pbk.)
=020  \\$a1616142480 (pbk.)
=035  \\$a(OCoLC)ocn635483765
=035  \\$a(OCoLC)635483765
=040  \\$aDLC$cDLC$dBTCTA$dUtOrBLW
=049  \\$aZPPA
=082  00$a823/.92$222
=100  1\$aBarclay, James,$d1965-
=245  10$aElfsorrow /$cby James Barclay.
=260  \\$aAmherst, NY :$bPyr,$c2010.
=263  \\$a1011
=300  \\$a421 pages :$bmap ;$c23 cm.
=336  \\$atext$btxt$2rdacontent
=337  \\$aunmediated$bn$2rdamedia
=338  \\$avolume$bnc$2rdacarrier
=490  1\$aLegends of the raven ;$v1
=500  \\$aOriginally published: London : Gollancz, 2002.
=650  \0$aBlessing and cursing$vFiction.
=650  \0$aElves$vFiction.
=650  \0$aMagic$vFiction.
=655  \7$aFantasy fiction.$2gsafd
=800  1\$aBarclay, James,$d1965-$tLegends of the raven;$v1.
=914  \\$a1267213
=994  \\$aC0$bZPP

