=LDR  01721cam  2200385Ka 4500
=001  415470
=005  20160612061928.0
=008  101101s2010\\\\nyu\\\\\\\\\\\000\1\eng\d
=020  \\$a9780345509208
=020  \\$a034550920X
=035  \\$a(OCoLC)ocn676703256
=040  \\$aUPZ$cUPZ$dJST$dZPJ$dUtOrBLW
=049  \\$aZPJA
=050  \4$aPS3554.E5345$bV66 2010
=082  04$a813/.54$222
=100  1\$aDenning, Troy.
=245  10$aVortex /$cTroy Denning.
=260  \\$aNew York :$bDel Rey/Ballantine Books,$c2010.
=300  \\$a375 pages ;$c25 cm.
=336  \\$atext$btxt$2rdacontent
=337  \\$aunmediated$bn$2rdamedia
=338  \\$avolume$bnc$2rdacarrier
=490  1\$aStar Wars fate of the jedi
=500  \\$a"Lucas Books."
=520  \\$aAs the Jedi deal on their own terms with the epidemic of madness preying on their ranks, Han and Leia Solo, along with their daughter Jaina, join the fight to protect more stricken Knights from arrest. But none of them realize the blaster barrel is already swinging in their direction--and Chief Daala is about to pull the trigger. Nor do Luke and Ben, deep in the Maw Cluster and pushing their Force abilities beyond known limits, realize how close they are to the Sith strike squad bent on exterminating the Skywalkers.
=526  \\$aAccelerated Reader$bUG$c6.7$d21$e21$z142848
=600  10$aSkywalker, Luke$c(Fictitious character)$vFiction.
=600  10$aSolo, Han$c(Fictitious character)$vFiction.
=600  10$aOrgana, Leia$c(Fictitious character)$vFiction.
=650  \0$aLife on other planets$vFiction.
=655  \7$aStar wars fiction.$2gsafd
=655  \7$aScience fiction.$2gsafd
=830  \0$aStar wars, fate of the Jedi.
=914  \\$a1267890
=994  \\$aC0$bZPJ

