=LDR  01502cam  2200397Ka 4500
=001  416872
=005  20160611232446.0
=008  101220t20112011nyub\\\\\\\\\\000\1\eng\d
=020  \\$a9780756406608
=020  \\$a0756406609
=035  \\$a(OCoLC)ocn693779330
=035  \\$a(OCoLC)693779330$z(OCoLC)617550983
=040  \\$aUPZ$cUPZ$dBTCTA$dIEB$dUtOrBLW
=049  \\$aOEKA
=050  \4$aPS3552.R4964$bB59 2011
=082  04$a813/.54$222
=100  1\$aBritain, Kristen.
=245  10$aBlackveil /$cKristen Britain.
=260  \\$aNew York, NY :$bDAW Books,$c[2011], {copy}2011.
=300  \\$a664 pages :$bmap ;$c24 cm.
=336  \\$atext$btxt$2rdacontent
=337  \\$aunmediated$bn$2rdamedia
=338  \\$avolume$bnc$2rdacarrier
=490  1\$aGreen rider ;$vbk. 4
=490  1\$aDAW book collectors ;$vno. 1535
=520  \\$aLegendary Green Rider Karigan G'ladheon--one of the magical messengers of the king--defends her king and fellow riders from an insurrection led by dark magicians threatens to break the boundaries of ancient, evil Blackveil Forest--releasing powerful dark magics that have been shut away for a millennium.
=650  \0$aMessengers$vFiction.
=650  \0$aMagic$vFiction.
=650  \0$aTeenage girls$vFiction.
=650  \0$aWomen heroes$vFiction.
=650  \0$aRevolutions$vFiction.
=650  \0$aMagicians$vFiction.
=650  \0$aGood and evil$vFiction.
=800  1\$aBritain, Kristen.$tGreen rider ;$vbk. 4.
=830  \0$aDAW book collectors ;$vno. 1535.
=914  \\$a1270587

