=LDR  01323cam  2200385Ia 4500
=001  416873
=005  20160611232446.0
=008  101217s2011\\\\nyu\\\\\\\\\\\000\1\eng\d
=020  \\$a9780765327727
=020  \\$a0765327724
=035  \\$a(OCoLC)ocn662407971
=035  \\$a(OCoLC)662407971
=040  \\$aBTCTA$cBTCTA$dYDXCP$dUPZ$dRLS$dIEP$dZRK$dUtOrBLW
=049  \\$aZRKA
=050  14$aPS3557.O5826$bO44 2011
=082  04$a813/.54$222
=082  14$a[Fic]$214
=100  1\$aGoodkind, Terry.
=245  14$aThe omen machine /$cTerry Goodkind.
=250  \\$a1st ed.
=260  \\$aNew York :$bTor,$c2011.
=300  \\$a525 pages ;$c24 cm.
=336  \\$atext$btxt$2rdacontent
=337  \\$aunmediated$bn$2rdamedia
=338  \\$avolume$bnc$2rdacarrier
=490  1\$a[The Sword of truth ;$vbk. 12
=500  \\$a"A Tom Doherty Associates book."
=520  \\$aA deep underground machine awakens after thousands of years and foretells ominous events including a catastrophic prediction involving Richard Cypher and Kahlan Amnell.
=650  \0$aRahl, Richard (Fictitious character)$vFiction.
=650  \0$aAmnell, Kahlan (Fictitious character)$vFiction.
=650  \0$aProphecy$vFiction.
=655  \7$aFantasy fiction.$2gsafd
=800  1\$aGoodkind, Terry.$tSword of truth;$vbk. 12.
=914  \\$a1270588
=994  \\$aC0$bZRK

