=LDR  01458cam  22003618a 4500
=001  418044
=005  20160611232548.0
=008  100830s2011\\\\nyu\\\\\\\\\\\000\1\eng\\
=010  \\$a  2010036115
=020  \\$a9780765317889
=020  \\$a0765317885
=020  \\$a9780765357250 (pbk)
=035  \\$a(OCoLC)ocn651912801
=040  \\$aDLC$cDLC$dBTCTA$dYDXCP$dWIQ$dKLC$dZPJ$dUtOrBLW
=049  \\$aZPJA
=050  00$aPS3552.O84$bL48 2011
=082  00$a813/.54$222
=100  1\$aBova, Ben,$d1932-
=245  10$aLeviathans of Jupiter /$cBen Bova.
=250  \\$a1st ed.
=260  \\$aNew York :$bTor,$c2011.
=263  \\$a1102
=300  \\$a477 pages ;$c22 cm
=336  \\$atext$btxt$2rdacontent
=337  \\$aunmediated$bn$2rdamedia
=338  \\$avolume$bnc$2rdacarrier
=500  \\$a"A Tom Doherty Associates book."
=520  \\$aTo prove that the massive symbionts, named Leviathans, that inhabit Jupiter's atmosphere possess intelligence, physicist Grant Archer readies a deep-pressure manned probe for immersion in the giant planet's deadly cloud cover. Equally anxious to thwart his attempt, millionaire Katherine Westfall seeks to outmaneuver Archer in her bid for the top spot in the International Astronautical Authority (IAA) by any means possible--including murder.
=650  \0$aLife on other planets$vFiction.
=651  \0$aJupiter (Planet)$xExploration$vFiction.
=655  \7$aScience fiction.$2gsafd
=914  \\$a1272702
=994  \\$aC0$bZPJ

