=LDR  01269cam  22003378a 4500
=001  424449
=005  20160611233120.0
=008  101021s2011\\\\nyub\\\\\\\\\\000\1\eng\\
=010  \\$a  2010044347
=020  \\$a9781616142520 (pbk. : alk. paper)
=020  \\$a1616142529 (pbk. : alk. paper)
=035  \\$a(OCoLC)ocn635483687
=035  \\$a(OCoLC)635483687
=040  \\$aDLC$cDLC$dBTCTA$dUPZ$dORX$dBUL$dABG$dUtOrBLW
=049  \\$aZPPA
=050  00$aPR6102.A76$bD46 2011
=082  00$a823/.92$222
=100  1\$aBarclay, James,$d1965-
=245  10$aDemonstorm /$cJames Barclay.
=260  \\$aAmherst, NY :$bPyr,$c2011.
=300  \\$a405 pages :$bmap ;$c23 cm.
=336  \\$atext$btxt$2rdacontent
=337  \\$aunmediated$bn$2rdamedia
=338  \\$avolume$bnc$2rdacarrier
=490  1\$aLegends of the raven ;$v3
=520  \\$aThe dragons have gone home, the elves are safe. The Raven have kept their promises. But fate has not finished with them. As the war between the colleges rages on an old enemy senses that his chance to revenge a bitter defeat has come.
=650  \0$aRaven (Fictitious characters : Barclay)$vFiction.
=655  \7$aFantasy fiction.$2gsafd
=800  1\$aBarclay, James,$d1965-$tLegends of the raven;$v3.
=914  \\$a1284552
=994  \\$aC0$bZPP

