=LDR  01555cam  22004098a 4500
=001  427024
=005  20160611233337.0
=008  100723r20102003nyub\\\\\\\\\\000\1\eng\\
=010  \\$a  2010030685
=020  \\$a9781616142506 (pbk. : alk. paper)
=020  \\$a1616142502 (pbk. : alk. paper)
=029  1\$aNZ1$b13512683
=035  \\$a(OCoLC)ocn635483813
=035  \\$a(OCoLC)635483813
=040  \\$aDLC$cDLC$dBTCTA$dBIB$dORX$dUPZ$dH{dollar}Y$dUtOrBLW
=049  \\$aH{dollar}YA
=050  00$aPR6102.A76$bS53 2010
=082  00$a823/.92$222
=100  1\$aBarclay, James,$d1965-
=245  10$aShadowheart /$cby James Barclay.
=260  \\$aAmherst, N.Y. :$bPyr,$c2010.
=263  \\$a1012
=300  \\$a383 pages :$bmap ;$c23 cm.
=336  \\$atext$btxt$2rdacontent
=337  \\$aunmediated$bn$2rdamedia
=338  \\$avolume$bnc$2rdacarrier
=490  1\$aLegends of the raven ;$v2
=500  \\$aOriginally published: London: Gollancz, 2003.
=520  \\$aThe Raven are caught in the flames of war. Three of the mercenary band are dead, but the survivors will keep the faith and keep their promises. All while one of them struggles with a burgeoning power that could herald a new world-- and destroy the old.
=650  \0$aRaven (Fictitious characters : Barclay)$vFiction.
=650  \0$aImaginary wars and battles$vFiction.
=650  \0$aMercenary troops$vFiction.
=655  \7$aFantasy fiction.$2gsafd
=800  1\$aBarclay, James,$d1965-$tLegends of the raven;$v2.
=914  \\$a1289169
=938  \\$aBaker and Taylor$bBTCP$nBK0009024125
=994  \\$aC0$bH{dollar}Y

