=LDR  01806cam  2200433Ia 4500
=001  427452
=005  20170108014609.0
=008  090407t20112011nyu\\\\\\\\\\\000\1\eng\d
=020  \\$a9780756404734
=020  \\$a0756404738
=020  \\$a9780756407919
=020  \\$a0756407915
=035  \\$a(OCoLC)ocn317967869
=035  \\$a(OCoLC)317967869
=040  \\$aUPZ$cUPZ$dOCLCQ$dUPZ$dKNJ$dGO3$dUtOrBLW
=049  \\$aZPPA
=082  04$a813/.6$222
=100  1\$aRothfuss, Patrick,$d1973-
=245  14$aThe wise man's fear :$bthe kingkiller chronicle, day two /$cPatrick Rothfuss.
=260  \\$aNew York :$bDAW Books ;$a[New York] :$bDistributed by Penguin Group,$c[2011], {copy}2011.
=300  \\$a993 pages ;$c24 cm.
=336  \\$atext$btxt$2rdacontent
=337  \\$aunmediated$bn$2rdamedia
=338  \\$avolume$bnc$2rdacarrier
=490  1\$aKingkiller chronicle ;$vDay two
=490  1\$aDAW book collectors ;$v1540
=520  \\$aKvothe takes his first steps on the path of the hero as he attempts to uncover the truth about the mysterious Amyr, the Chandrian, and the death of his parents. Along the way, Kvothe is put on trial by the legendary Adem mercenaries, forced to reclaim the honor of the Edema Ruh, and travels into the Fae realm where he meets Felurian, the faerie woman no man can resist.
=526  \\$aAccelerated Reader$bUG$c5.0$d60$e60$z158699
=650  \0$aKvothe (Fictitious character)$vFiction.
=650  \0$aHeroes$vFiction.
=650  \0$aMagicians$vFiction.
=650  \0$aFairies$vFiction.
=650  \0$aMercenary troops$vFiction.
=650  \0$aAttempted assassination$vFiction.
=655  \7$aFantasy fiction.$2gsafd
=800  1\$aRothfuss, Patrick,$d1973-$tKingkiller chronicle;$vDay 2.
=830  \0$aDAW book collectors ;$vno. 1540.
=914  \\$a1289928
=994  \\$aC0$bZPP

