=LDR  01441cam  2200337 a 4500
=001  428571
=005  20160611233500.0
=008  101220s2010\\\\nyu\\\\\\\\\\\000\1\eng\\
=010  \\$a  2010052285
=020  \\$a9780451463937 (hbk.)
=020  \\$a0451463935 (hbk.)
=020  \\$a9780451464323 (pbk)
=035  \\$a(OCoLC)ocn679930975
=040  \\$aDLC$cDLC$dIG#$dBTCTA$dUPZ$dDAD$dZPJ$dUtOrBLW
=049  \\$aZPJA
=050  00$aPS3569.T543$bC68 2010
=082  00$a813/.54$222
=100  1\$aStirling, S. M.
=245  14$aThe council of shadows :$ba novel of the Shadowspawn /$cS.M. Stirling.
=260  \\$aNew York :$bRoc,$c2010.
=300  \\$a375 pages ;$c24 cm.
=336  \\$atext$btxt$2rdacontent
=337  \\$aunmediated$bn$2rdamedia
=338  \\$avolume$bnc$2rdacarrier
=490  1\$aShadowspawn ;$v2
=520  \\$aAdrian Br{acute}ez{acute}e defied his own dark heritage as a near-purebred Shadowspawn for years, until his power-hungry sister Adrienne kidnapped his human lover Ellen. Now, Adrienne is dead, and the Council of Shadows is gathering its strength. To stop the Council from launching an apocalypse, Adrian and Ellen must ally with the Brotherhood, a resistance group dedicated to breaking the Council's hold on humankind ... by any means necessary.
=650  \0$aShapeshifting$vFiction.
=650  \0$aTwins$vFiction.
=655  \7$aFantasy fiction.$2gsafd
=800  1\$aStirling, S. M.$tShadowspawn series ;$vbk. 2.
=914  \\$a1292298

