=LDR  01815cam  2200445 a 4500
=001  430232
=005  20170621125437.0
=008  110426t20112011nyub\\\\\\\\\\000\1\eng\\
=010  \\$a  2011015508
=020  \\$a9780553801477 (hbk. : acid-free paper)
=020  \\$a0553801473 (hbk. : acid-free paper)
=020  \\$a055338595X$q(paperback)
=020  \\$a9780553385953$q(paperback)
=020  \\$a9780553582017$q(paperback)
=035  \\$a(OCoLC)ocn191922936
=035  \\$a(OCoLC)191922936$z(OCoLC)671855899
=035  \\$a520236
=040  \\$aDLC$cDLC$dIG#$dBTCTA$dBAKER$dYDXCP$dQJB$dCN5O8$dBNO$dUPZ$dIEB$dNVQ$dUtOrBLW
=049  \\$aOEKA
=050  00$aPS3563.A7239$bD36 2011
=082  00$a813/.54$222
=100  1\$aMartin, George R. R.
=245  12$aA dance with dragons /$cGeorge R.R. Martin.
=250  \\$a1st ed.
=260  \\$aNew York :$bBantam Books,$c[2011], {copy}2011.
=300  \\$a1,016 pages :$bmaps ;$c24 cm.
=336  \\$atext$btxt$2rdacontent
=337  \\$aunmediated$bn$2rdamedia
=338  \\$avolume$bnc$2rdacarrier
=490  1\$aA song of ice and fire ;$vbk. 5
=500  \\$aMaps on lining papers.
=520  \\$aNew threats emerge to endanger the future of the Seven Kingdoms, as Daenerys Targaryen, ruling in the East, fights off a multitude of enemies, and Tyrion Lannister flees Westeros with a price on his head. Meanwhile Jon Snow, Lord Commander of the Night's Watch, faces his foes both in the Watch and beyond the great Wall of ice and stone.
=526  \\$aAccelerated Reader$bUG$c5.3$d63$e63$z149240
=650  \0$aSeven kingdoms (Imaginary place)$vFiction.
=650  \0$aKings and rulers$vFiction.
=650  \0$aDragons$vFiction.
=655  \7$aFantasy fiction.$2gsafd
=800  1\$aMartin, George R. R.$tSong of ice and fire;$vbk. 5.
=914  \\$a1297075
=994  \\$aC0$bOEK

