=LDR  01261cam  22003498a 4500
=001  431927
=005  20160611233755.0
=008  101122s2011\\\\nyub\\\\\\\\\\000\1\eng\\
=010  \\$a  2010047869
=020  \\$a9780345500892 (alk. paper)
=020  \\$a034550089X (alk. paper)
=035  \\$a(OCoLC)ocn669751016
=040  \\$aDLC$cDLC$dBTCTA$dUPZ$dYDXCP$dLIV$dL@L$dGL4$dZPJ$dUtOrBLW
=049  \\$aZPJA
=050  00$aPS3563.A255$bD755 2011
=082  00$a813/.54$222
=100  1\$aMcCaffrey, Anne.
=245  10$aDragon's time /$cAnne McCaffrey and Todd McCaffrey.
=260  \\$aNew York :$bDel Rey Ballantine Books,$c2011.
=300  \\$axvi, 321 pages :$bmaps ;$c25 cm
=336  \\$atext$btxt$2rdacontent
=337  \\$aunmediated$bn$2rdamedia
=338  \\$avolume$bnc$2rdacarrier
=520  \\$aWeyrwoman Fiona struggles to keep her surviving Weyr in fighting shape while Lorana plans a complicated time-travel journey to save their world.
=650  \0$aPern (Imaginary place)$vFiction.
=650  \0$aDragons$vFiction.
=650  \0$aLife on other planets$vFiction.
=650  \0$aSpace colonies$vFiction.
=655  \7$aScience fiction.$2gsafd
=700  1\$aMcCaffrey, Todd,$d1956-
=800  1\$aMcCaffrey, Anne.$tDragonriders of Pern;$v29.
=914  \\$a1300245

