=LDR  01330cam  22003618a 4500
=001  432102
=005  20160611233804.0
=008  110301s2011\\\\nyu\\\\\\\\\\\000\1\eng\\
=010  \\$a  2011007399
=020  \\$a9780765329493
=020  \\$a0765329492
=035  \\$a(OCoLC)ocn679929377
=040  \\$aDLC$cDLC$dBTCTA$dAZZPT$dYDXCP$dLIV$dHBP$dILC$dIK2$dZPJ$dUtOrBLW
=049  \\$aZPJA
=050  00$aPR9170.F563$bR35 2011
=082  00$a823/.92$222
=100  1\$aRajaniemi, Hannu.
=245  14$aThe quantum thief /$cHannu Rajaniemi.
=250  \\$a1st U.S. ed.
=260  \\$aNew York :$bTor,$c2011.
=263  \\$a1105
=300  \\$a330 pages ;$c24 cm
=336  \\$atext$btxt$2rdacontent
=337  \\$aunmediated$bn$2rdamedia
=338  \\$avolume$bnc$2rdacarrier
=500  \\$a"A Tom Doherty Associates book."
=520  \\$aBroken free from a nightmarish distant-future prison by a mysterious woman who offers him his life back if he will complete the ultimate heist he left unfinished, con man Jean le Flambeur is pursued in worlds where people communicate through shared memories.
=650  \0$aEscapes$vFiction.
=650  \0$aMemory$vFiction.
=650  \0$ale Flambeur, Jean (Fictitious character)$vFiction.
=655  \7$aScience fiction.$2gsafd
=800  1\$aRajaniemi, Hannu.$tQuantum thief novels ;$v1.
=914  \\$a1300595

