=LDR  01239cam  22004098a 4500
=001  432507
=005  20160611233824.0
=008  100830s2011\\\\nyu\\\\\\\\\\\000\1\eng\\
=010  \\$a  2010036105
=020  \\$a9780765325716
=020  \\$a0765325713
=035  \\$a(OCoLC)ocn651912488
=035  \\$a(OCoLC)651912488
=040  \\$aDLC$cDLC$dBTCTA$dYDXCP$dBUL$dIK2$dH{dollar}Y$dUtOrBLW
=049  \\$aH{dollar}YA
=050  00$aPS3615.R85$bU57 2011
=082  00$a813/.6$222
=100  1\$aOrullian, Peter Vance.
=245  14$aThe unremembered /$cPeter Orullian.
=250  \\$a1st ed.
=260  \\$aNew York :$bTor,$c2011.
=263  \\$a1104
=300  \\$a669 pages ;$c25 cm.
=336  \\$atext$btxt$2rdacontent
=337  \\$aunmediated$bn$2rdamedia
=338  \\$avolume$bnc$2rdacarrier
=490  1\$aThe vault of heaven ;$vv. 1
=500  \\$a"A Tom Doherty Associates book."
=650  \0$aImaginary places$vFiction.
=650  \0$aVoyages and travels$vFiction.
=650  \0$aGood and evil$vFiction.
=655  \7$aFantasy fiction.$2lcgft
=800  1\$aOrullian, Peter Vance.$tVault of heaven ;$vv. 1.
=914  \\$a1301376
=938  \\$aBaker and Taylor$bBTCP$nBK0009152404
=938  \\$aYBP Library Services$bYANK$n3470379
=994  \\$aC0$bH{dollar}Y

