=LDR  01444cam  2200421Ia 4500
=001  433068
=005  20160611233853.0
=008  100719t20102010nyu\\\\\\\\\\\000\1\eng\d
=020  \\$a9780451463456 (pbk.)
=020  \\$a0451463455 (pbk.)
=029  1\$aAU@$b000045886458
=029  1\$aNZ1$b13454047
=035  \\$a(OCoLC)ocn462898678
=035  \\$a(OCoLC)462898678
=040  \\$aBTCTA$cBTCTA$dGPI$dIUK$dH{dollar}Y$dUtOrBLW
=049  \\$aH{dollar}YA
=050  14$aPS3603.O557$bT68 2010
=082  04$a813/.6$222
=082  14$a[Fic]$214
=100  1\$aCaine, Rachel.
=245  10$aTotal eclipse :$ba Weather Warden novel /$cRachel Caine.
=260  \\$aNew York :$bRoc,$c[2010], {copy}2010.
=300  \\$a305 pages ;$c18 cm.
=336  \\$atext$btxt$2rdacontent
=337  \\$aunmediated$bn$2rdamedia
=338  \\$avolume$bnc$2rdacarrier
=490  1\$aWeather warden
=500  \\$a"Roc fantasy"--Spine.
=520  \\$aWeather Warden Joanne Baldwin and Djinn David, who have been stripped of their powers, must stop a poisonous substance from destabilizing the entire balance of power and destroying the magic that keeps the world alive.
=650  \0$aJinn$vFiction.
=650  \0$aFantasy fiction.
=650  \7$aJinn$vFiction.$2sears
=655  \7$aFantasy fiction.$2gsafd
=655  \7$aFantasy fiction.$2sears
=800  1\$aCaine, Rachel.$tWeather warden series.
=914  \\$a1302621
=938  \\$aBaker and Taylor$bBTCP$nBK0008621633
=994  \\$aC0$bH{dollar}Y

