=LDR  01797cam  2200349 a 4500
=001  435685
=005  20170108014611.0
=008  030103r20031986nyu\\\\\\\\\\\000\1\eng\\
=010  \\$a  2003040619
=020  \\$a0060539828
=020  \\$a9780060539825
=035  \\$a(OCoLC)ocm51342671 
=035  \\$a(OCoLC)51342671
=040  \\$aDLC$beng$cDLC$dBAKER$dYDXCP$dBTCTA$dORX$dBDX$dOCLCO$dOCLCF$dAZT$dOCLCQ$dUtOrBLW
=049  \\$aOEKA
=050  00$aPS3557.I2264$bB875 2003
=082  00$a813/.54$221
=100  1\$aGibson, William,$d1948-
=245  10$aBurning chrome /$cWilliam Gibson.
=250  \\$a1st EOS pbk. ed.
=260  \\$aNew York :$bHarperCollins Publishers,$c2003.
=300  \\$axviii, 204 pages ;$c21 cm
=336  \\$atext$btxt$2rdacontent
=337  \\$aunmediated$bn$2rdamedia
=338  \\$avolume$bnc$2rdacarrier
=505  0\$aPreface / Bruce Sterling -- Source code: an introduction / William Gibson -- Johnny Mnemonic -- The Gernsback continuum -- Fragments of a hologram rose -- The belonging kind / John Shirley and William Gibson -- Hinterlands -- Red star, winter orbit / Bruce Sterling and William Gibson -- New Rose Hotel -- The winter market -- Dogfight / Michael Swanwick and William Gibson -- Burning chrome.
=520  \\$aTen short stories by the Hugo and Nebula Award-winning author of Neuromancer deal with a human memory bank, UFOs, sleep machines, interstellar travel, a Soviet space station, and computer crime in such works as "Johnny Mnemonic" and the title tale.
=650  \0$aScience fiction, American.
=856  42$3Contributor biographical information$uhttp://catdir.loc.gov/catdir/enhancements/fy0911/2003040619-b.html
=856  42$3Publisher description$uhttp://catdir.loc.gov/catdir/description/hc041/2003040619.html
=914  \\$a1307248
=994  \\$aC0$bOEK

