=LDR  01484cam  2200409 a 4500
=001  436270
=005  20160612063157.0
=008  110415t20112011nyu\\\\\\\\\\\000\1\eng\\
=010  \\$a  2011014440
=020  \\$a9780345484208 (hbk. : acid-free paper)
=020  \\$a0345484207 (hbk. : acid-free paper)
=020  \\$a9780345529213 (ebk.)
=020  \\$a0345529219 (ebk.)
=035  \\$a(OCoLC)ocn692288156
=035  \\$a(OCoLC)692288156
=040  \\$aDLC$cDLC$dIG#$dBTCTA$dYDXCP$dUPZ$dMLY$dOJ4$dBPT$dZRK$dUtOrBLW
=049  \\$aZRKA
=050  00$aPS3552.R6596$bM43 2011
=082  00$a813/.54$222
=100  1\$aBrooks, Terry.
=245  14$aThe measure of the magic /$cTerry Brooks.
=250  \\$a1st ed.
=260  \\$aNew York :$bBallantine Books,$c[2011], {copy}2011.
=300  \\$a383 pages ;$c25 cm.
=336  \\$atext$btxt$2rdacontent
=337  \\$aunmediated$bn$2rdamedia
=338  \\$avolume$bnc$2rdacarrier
=490  1\$aLegends of Shannara
=520  \\$aPanterra Qu, a newly anointed Knight of the Word who has been entrusted with the last black staff and its powers, must protect thousands of lives that are put in danger when centuries of protective magic disappears.
=521  8\$a880L$bLexile
=526  \\$aAccelerated Reader$bUG$c6.2$d23$e23$z146647
=650  \0$aShannara (Imaginary place)$vFiction.
=650  \0$aMagic$vFiction.
=655  \7$aFantasy fiction.$2gsafd
=800  1\$aBrooks, Terry.$tLegends of Shannara;$v2.
=914  \\$a1308221
=994  \\$aC0$bZRK

