=LDR  01252cam  2200325Ka 4500
=001  436479
=005  20160611234149.0
=008  101104s2011\\\\nyu\\\\\\\\\\\000\1\eng\d
=020  \\$a9780756406813
=020  \\$a0756406811
=035  \\$a(OCoLC)ocn679930882
=040  \\$aBTCTA$beng$cBTCTA$dRV8$dOMP$dNBO$dZPJ$dUtOrBLW
=049  \\$aZPJA
=050  \4$aPS
=082  04$a813
=100  1\$aRawn, Melanie.
=245  14$aThe diviner /$cMelanie Rawn.
=260  \\$aNew York :$bDaw Books,$c2011.
=300  \\$a374 pages ;$c24 cm
=336  \\$atext$btxt$2rdacontent
=337  \\$aunmediated$bn$2rdamedia
=338  \\$avolume$bnc$2rdacarrier
=500  \\$aPrequel to: The golden key.
=520  0\$aThe Sheyqa Nizzira, despotic ruler of a Middle East flavored land in the year 611, has meticulously planned to wipe out a large family of her rivals, murdering them down to the smallest child. When young wastrel Azzad al-Ma'alique misses his date with doom and flees, he sets in motion a complex revenge plot that will change the future of many lands and generations of both families. 
=650  \0$aMagic$vFiction.
=650  \0$aFamilies$vFiction.
=650  \0$aRevenge$vFiction.
=655  \7$aFantasy fiction.$2gsafd
=914  \\$a1308654
=994  \\$aC0$bZPJ

