=LDR  01483cam  22004338a 4500
=001  437003
=005  20160612063224.0
=008  101008s2011\\\\nyu\\\\\\\\\\\000\f\eng\\
=010  \\$a  2010043134
=020  \\$a9780385533850
=020  \\$a0385533853
=029  1\$aNZ1$b13632505
=035  \\$a(OCoLC)ocn664668588
=035  \\$a(OCoLC)664668588
=040  \\$aDLC$cDLC$dBTCTA$dUPZ$dYDXCP$dJAO$dE9G$dUtOrBLW
=049  \\$aE9GA
=050  00$aPS3623.I57796$bR63 2011
=082  00$a813/.6$222
=100  1\$aWilson, Daniel H.$q(Daniel Howard),$d1978-
=245  10$aRobopocalypse :$ba novel /$cDaniel H. Wilson.
=250  \\$a1st ed.
=260  \\$aNew York :$bDoubleday,$c2011.
=263  \\$a1106
=300  \\$a347 pages ;$c25 cm
=336  \\$atext$btxt$2rdacontent
=337  \\$aunmediated$bn$2rdamedia
=338  \\$avolume$bnc$2rdacarrier
=520  \\$aTwo decades into the future humans are battling for their very survival when a powerful AI computer goes rogue, and all the machines on earth rebel against their human controllers.
=521  8\$a730L$bLexile
=526  \\$aAccelerated Reader$bUG$c4.9$d15$e15$z150032
=650  \0$aRobots$vFiction.
=650  \0$aArtificial intelligence$vFiction.
=650  \0$aImaginary wars and battles$vFiction.
=655  \7$aSuspense fiction.$2gsafd
=655  \7$aScience fiction.$2gsafd
=914  \\$a1309649
=938  \\$aBaker and Taylor$bBTCP$nBK0009247906
=938  \\$aYBP Library Services$bYANK$n4373057
=994  \\$aC0$bE9G

