=LDR  01515cam  22003978a 4500
=001  437392
=005  20170322144155.0
=008  101029s2011\\\\nyu\\\\\\\\\\\000\1\eng\\
=010  \\$a  2010046442
=020  \\$a9780316129084 :$c{dollar}15.99
=020  \\$a0316129089
=020  \\$a0316390682$q(TV tie in)
=020  \\$a9780316390682$q(TV tie in)
=035  \\$a(OCoLC)ocn668192559
=035  \\$a(OCoLC)668192559
=035  \\$a654507
=040  \\$aDLC$cDLC$dBTCTA$dYDXCP$dUPZ$dWIQ$dIG{dollar}$dABG$dUtOrBLW
=049  \\$aZPPA
=082  00$a813/.6$222
=100  1\$aCorey, James S. A.
=245  10$aLeviathan wakes /$cJames S.A. Corey.
=250  \\$a1st ed.
=260  \\$aNew York, NY :$bOrbit,$c2011.
=300  \\$a582 pages ;$c24 cm.
=336  \\$atext$btxt$2rdacontent
=337  \\$aunmediated$bn$2rdamedia
=338  \\$avolume$bnc$2rdacarrier
=490  1\$aThe expanse ;$vbk. 1
=520  \\$aWhen Captain Jim Holden's ice miner stumbles across a derelict, abandoned ship, he uncovers a secret that threatens to throw the entire system into war. Attacked by a stealth ship belonging to the Mars fleet, Holden must find a way to uncover the motives behind the attack, stop a war and find the truth behind a vast conspiracy that threatens the entire human race.
=650  \0$aInterplanetary voyages$vFiction.
=650  \0$aSpace warfare$vFiction.
=650  \0$aConspiracies$vFiction.
=655  \7$aScience fiction.$2gsafd
=800  1\$aCorey, James S. A.$tExpanse ;$vbk. 1.
=914  \\$a1310541
=994  \\$aC0$bZPP

