=LDR  01236cam  22003978a 4500
=001  438237
=005  20160612063309.0
=008  110803s2011\\\\nyu\\\\\\\\\\\000\1\eng\\
=010  \\$a  2011033117
=020  \\$a9780062011848 (hardback)
=020  \\$a0062011847 (hardback)
=035  \\$a(OCoLC)ocn703206404
=035  \\$a(OCoLC)703206404
=040  \\$aDLC$cDLC$dBTCTA$dYDXCP$dUPZ$dIEB$dUtOrBLW
=042  \\$apcc
=049  \\$aZFRA
=050  00$aPR6066.R34$bS65 2011
=082  00$a823/.914$223
=084  \\$aFIC000000$2bisacsh
=100  1\$aPratchett, Terry.
=245  10$aSnuff :$ba novel of Discworld /$cby Terry Pratchett.
=250  \\$a1st ed.
=260  \\$aNew York :$bHarper,$c2011.
=263  \\$a1110
=300  \\$a398 pages ;$c24 cm
=336  \\$atext$btxt$2rdacontent
=337  \\$aunmediated$bn$2rdamedia
=338  \\$avolume$bnc$2rdacarrier
=526  \\$aAccelerated Reader$bUG$c7.1$d22$e22$z147966
=650  \0$aDiscworld (Imaginary place)$vFiction.
=655  \7$aFantasy fiction.$2gsafd
=655  \7$aHumorous fiction.$2gsafd
=800  1\$aPratchett, Terry.$tDiscworld ;$v34.
=856  42$3Cover image$uwww.harpercollins.com/harperimages/isbn/tiff/8/9780062011848.tif
=914  \\$a1312828
=994  \\$aC0$bZFR

