=LDR  01754nam  2200517Ia 4500
=001  438694
=005  20170621130207.0
=008  110607t20111996nyub\\\\\\\\\\000\1\eng\d
=020  \\$a9780553573404 (pbk.)
=020  \\$a0553573403 (pbk.)
=020  \\$a9780553593716 (pbk.)
=020  \\$a0553593714 (pbk.)
=020  \\$a0553103547
=020  \\$a9780553103540
=020  \\$a9780553386790 (pbk.)
=020  \\$a0553386794 (pbk.)
=020  \\$a0553381687 (pbk.)
=020  \\$a9780553381689 (pbk.)
=035  \\$a(OCoLC)ocn729426449
=035  \\$a199350
=035  \\$a96987
=040  \\$aYW6$cYW6$dUtOrBLW
=049  \\$aZPJA
=092  \\$a813.54
=100  1\$aMartin, George R. R.
=245  12$aA game of thrones /$cGeorge R.R. Martin.
=260  \\$aNew York :$bBantam Books,$c2011, {copy}1996.
=300  \\$a835 pages :$bmaps ;$c18 cm.
=336  \\$atext$btxt$2rdacontent
=337  \\$aunmediated$bn$2rdamedia
=338  \\$avolume$bnc$2rdacarrier
=490  1\$aA song of ice and fire ;$vbk. 1
=520  \\$aThe kingdom of the royal Stark family faces its ultimate challenge in the onset of a generation-long winter, the poisonous plots of the rival Lannisters, the emergence of the Neverborn demons, and the arrival of barbarian hordes.
=521  8\$a830L$bLexile
=526  \\$aAccelerated Reader$bUG$c5.5$d45$e45$z144663
=650  \0$aImaginary places$vFiction.
=650  \0$aGood and evil$vFiction.
=650  \0$aImaginary wars and battles$vFiction.
=650  \0$aMagic$vFiction.
=650  \0$aWinter$vFiction.
=655  \7$aFantasy fiction.$2gsafd
=655  \7$aEpic fiction.$2gsafd
=800  1\$aMartin, George R. R.$tSong of ice and fire;$vbk. 1.
=914  \\$a1313740
=994  \\$aC0$bZPJ
=090  \\$aPS3563.A7239$bG36 2011

