=LDR  01679cam  2200469Ka 4500
=001  438695
=005  20170621130011.0
=008  110420t20111999nyub\\\\\\\\\\000\1\eng\d
=020  \\$a9780553579901 (pbk.) :$c{dollar}.8.99
=020  \\$a0553579908 (pbk.) :$c{dollar}.8.99
=020  \\$a0553108034
=020  \\$a9780553108033
=020  \\$a0553381695 (pbk.)
=020  \\$a9780553381696 (pbk.)
=035  \\$a(OCoLC)ocn713565544
=035  \\$a120279
=040  \\$aIEB$cIEB$dYW6$dUtOrBLW
=049  \\$aZPJA
=082  04$a813/.54$222
=100  1\$aMartin, George R. R.
=245  12$aA clash of kings /$cGeorge R.R. Martin.
=250  \\$aBantam Books mass market ed.
=260  \\$aNew York :$bBantam Books,$c2011, {copy}1999.
=300  \\$a1,009 pages :$bmaps ;$c18 cm.
=336  \\$atext$btxt$2rdacontent
=337  \\$aunmediated$bn$2rdamedia
=338  \\$avolume$bnc$2rdacarrier
=490  1\$aSong of ice and fire ;$vbk. 2
=500  \\$aSequel to: A game of thrones.
=500  \\$aIncludes excerpt from A storm of swords; Song of ice and fire, book 3.
=520  \\$aFive separate factions vie for control of the realm of the late Lord Eddard Stark, while an ancient form of magic, an everlasting winter, and an unearthly army threaten to return.
=526  \\$aAccelerated Reader$bUG$c5.5$d49$e49$z146645
=650  \0$aImaginary places$vFiction.
=650  \0$aGood and evil$vFiction.
=650  \0$aImaginary wars and battles$vFiction.
=650  \0$aMagic$vFiction.
=650  \0$aWinter$vFiction.
=655  \7$aFantasy fiction.$2gsafd
=655  \7$aEpic fiction.$2gsafd
=800  1\$aMartin, George R. R.$tSong of ice and fire;$vbk. 2.
=914  \\$a1313741
=994  \\$aC0$bZPJ

