=LDR  01377cam  2200373 a 4500
=001  439610
=005  20160611234433.0
=008  110517s2011\\\\nyub\\\\\\\\\\000\1\eng\\
=010  \\$a  2011018957
=020  \\$a9780765321541 (hbk.)
=020  \\$a0765321548 (hbk.)
=035  \\$a(OCoLC)ocn704383872
=040  \\$aDLC$cDLC$dIG#$dBTCTA$dYDXCP$dUPZ$dLIV$dIEB$dJBL$dZPJ$dUtOrBLW
=049  \\$aZPJA
=050  00$aPS3573.E217$bH75 2011
=082  00$a813/.54$222
=100  1\$aWeber, David,$d1952-
=245  10$aHow firm a foundation /$cDavid Weber.
=250  \\$a1st ed.
=260  \\$aNew York :$bTor,$c2011.
=300  \\$a607 pages :$bmaps ;$c25 cm.
=336  \\$atext$btxt$2rdacontent
=337  \\$aunmediated$bn$2rdamedia
=338  \\$avolume$bnc$2rdacarrier
=490  1\$aThe Safehold series
=500  \\$a"A Tom Doherty Associates book."
=520  \\$aHiding secret agendas from their subjects throughout a terrible war in the Charisian Empire, the Emperor and his inner circle of advisors launch a desperate counter-attack against a corrupt Church of God Awaiting that is complicated by a discovery in the Church's Zion Temple.
=650  \0$aCults$vFiction.
=650  \0$aSpace warfare$vFiction.
=655  \7$aScience fiction.$2gsafd
=655  \7$aWar stories.$2gsafd
=800  1\$aWeber, David,$d1952-$tSafehold series;$v5.
=914  \\$a1315479
=994  \\$aC0$bZPJ

