=LDR  01334cam  22003618a 4500
=001  439613
=005  20160611234433.0
=008  110401t20112011tnu\\\\\\\\\\\000\1\eng\\
=010  \\$a  2011012768
=020  \\$a9781595548054
=020  \\$a159554805X
=035  \\$a(OCoLC)ocn706018982
=040  \\$aDLC$beng$cDLC$dBTCTA$dOCLCQ$dYDXCP$dWIQ$dZPJ$dUtOrBLW
=049  \\$aZPJA
=050  00$aPS3562.A865$bB66 2011
=082  00$a813/.54$222
=100  1\$aLawhead, Stephen R.,$d1950-
=245  14$aThe bone house /$cStephen R. Lawhead.
=260  \\$aNashville, Tenn. :$bThomas Nelson,$c[2011], {copy}2011.
=263  \\$a1109
=300  \\$axii, 385 pages ;$c25 cm.
=336  \\$atext$btxt$2rdacontent
=337  \\$aunmediated$bn$2rdamedia
=338  \\$avolume$bnc$2rdacarrier
=490  1\$aBright empires ;$vbook 2
=520  \\$aKit Livingstone is on the run, hunted by the Burley Men, as he tries to piece together a map that reveals the hidden dimensions of the multiverse. Kit, however, is not the only one traveling through time and space to influence the future of the future.
=650  \0$aSpace and time$vFiction.
=650  \0$aTime travel$vFiction.
=650  \0$aMaps$vFiction.
=655  \7$aScience fiction.$2gsafd
=800  1\$aLawhead, Stephen R.,$d1950-$tBright Empires novel ;$vbk. 2.
=914  \\$a1315482
=994  \\$aC0$bZPJ

