=LDR  01433cam  2200397 a 4500
=001  440832
=005  20160611234536.0
=008  110614s2011\\\\wau\\\\\\\\\\\000\1\eng\\
=010  \\$a  2011023670
=020  \\$a9780786958429 (hbk.)
=020  \\$a0786958421 (hbk.)
=035  \\$a(OCoLC)ocn697261647
=035  \\$a(OCoLC)697261647
=040  \\$aDLC$cDLC$dIG#$dBTCTA$dIGA$dIK2$dUtOrBLW
=049  \\$aOEKA
=050  00$aPS3569.A462345$bN48 2011
=082  00$a813/.54$222
=084  \\$aFIC009000$2bisacsh
=100  1\$aSalvatore, R. A.,$d1959-
=245  10$aNeverwinter /$cR.A. Salvatore ; cover art Todd Lockwood.
=260  \\$aRenton, WA :$bWizards of the Coast,$c2011.
=300  \\$a346 pages ;$c24 cm.
=336  \\$atext$btxt$2rdacontent
=337  \\$aunmediated$bn$2rdamedia
=338  \\$avolume$bnc$2rdacarrier
=490  1\$aNeverwinter saga ;$vbk. 2
=520  \\$aFree for the first time in almost one hundred years, Drizzt feels not only relief, but guilt, and this makes him vulnerable to the wiles of the elf Dahlia, his newest companion.
=650  \0$aDrizzt Do'Urden (Fictitious character)$vFiction.
=650  \0$aForgotten realms (Imaginary place)$vFiction.
=650  \0$aDwarfs$vFiction.
=650  \0$aElves$vFiction.
=655  \7$aFantasy fiction.$2gsafd
=800  1\$aSalvatore, R. A.,$d1959-$tNeverwinter ;$vbk. 2.
=856  42$3Cover image$u978-0-7869-5842-9.jpg
=914  \\$a1318348
=994  \\$aC0$bOEK

