=LDR  02589cam  22004578a 4500
=001  440895
=005  20160611234540.0
=008  110523s2011\\\\nyu\\\\\\\\\\\000\1\eng\\
=010  \\$a  2011020254
=020  \\$a9780451463791 (hardback)
=020  \\$a045146379X (hardback)
=029  1\$aNZ1$b13480679
=035  \\$a(OCoLC)ocn617550984
=035  \\$a(OCoLC)617550984
=040  \\$aDLC$cDLC$dBTCTA$dMCT$dFN4$dE9G$dUtOrBLW
=042  \\$apcc
=043  \\$an-us-il
=049  \\$aE9GA
=050  00$aPS3602.U85$bG48 2011
=082  00$a813/.6$222
=084  \\$aFIC009000$2bisacsh
=100  1\$aButcher, Jim,$d1971-
=245  10$aGhost story :$ba novel of the Dresden files /$cJim Butcher.
=260  \\$aNew York :$bRoc Hardcover,$c2011.
=263  \\$a1108
=300  \\$a481 pages ;$c24 cm.
=336  \\$atext$btxt$2rdacontent
=337  \\$aunmediated$bn$2rdamedia
=338  \\$avolume$bnc$2rdacarrier
=490  1\$aDresden files ;$v13
=520  \\$a"In his life, Harry's been shot, stabbed, sliced, beaten, burned, crushed, and tortured. And after someone puts a bullet through his chest and leaves him to die in the waters of Lake Michigan, things really start going downhill. But even trapped in the realm between life and death, Harry can't catch a break. He learns that three of his friends are destined to experience unbearable torment and agony. Only by bringing his murderer to justice can he save his friends and move on to what comes next--a feat that would be a lot easier if he had a body and access to his powers. Instead, Harry must work as a ghost, unable to interact with the physical world, invisible and inaudible to almost everyone. Unfortunately he's not the only specter roaming Chicago. There are malevolent shadows who haven't forgotten Harry's predilection for putting evil in its place while he was alive. And now that Harry's on their turf, they are looking for some serious payback. So the late Harry Dresden will have to pull off the ultimate trick without using any magic--or face an eternity as just another lost soul"--$cProvided by publisher.
=650  \0$aDresden, Harry (Fictitious character)$vFiction.
=650  \0$aWizards$vFiction.
=651  \0$aChicago (Ill.)$vFiction.
=655  \7$aOccult fiction.$2gsafd
=655  \7$aFantasy fiction.$2lcgft
=800  1\$aButcher, Jim,$d1971-$tDresden files;$v13.
=856  42$3Cover image$uftp://ppftpuser:welcome@ftp01.penguingroup.com/Booksellers and Media/Covers/2008_2009_New_Covers/9780451463791.jpg
=914  \\$a1318436
=938  \\$aBaker and Taylor$bBTCP$nBK0008972985
=994  \\$aC0$bE9G

