=LDR  01415cam  2200373Ia 4500
=001  442861
=005  20160611234723.0
=008  101123t20112011nyu\\\\\\\\\\\000\f\eng\d
=020  \\$a9780345509161 (hbk.)
=020  \\$a0345509161 (hbk.)
=035  \\$a(OCoLC)ocn687653116
=035  \\$a(OCoLC)687653116
=040  \\$aBTCTA$beng$cBTCTA$dYDXCP$dFN4$dUPZ$dON8$dE9G$dUtOrBLW
=049  \\$aE9GA
=050  14$aPS3557.O359268$bA89 2011
=082  04$a813/.54$223
=100  1\$aGolden, Christie.
=245  10$aAscension /$cChristie Golden.
=260  \\$aNew York :$bDel Rey/Ballantine Books/Lucasbooks,$c[2011], {copy}2011.
=300  \\$a410 pages :$billustrations ;$c24 cm.
=336  \\$atext$btxt$2rdacontent
=337  \\$aunmediated$bn$2rdamedia
=338  \\$avolume$bnc$2rdacarrier
=490  1\$aStar Wars fate of the jedi
=520  \\$aAs Luke and Ben Skywalker pursue the formidable dark-side, the Lost Tribe of the Sith is about to be sundered by an even greater power--which will thrust one dark lord into mortal conflict with his own flesh and blood.
=600  10$aSkywalker, Luke$c(Fictitious character)$vFiction.
=655  \0$aStar wars fiction.
=655  \7$aScience fiction.$2lcgft
=655  \7$aScience fiction.$2gsafd
=830  \0$aStar wars, fate of the Jedi.
=914  \\$a1321995
=938  \\$aBaker and Taylor$bBTCP$nBK0009440121
=938  \\$aYBP Library Services$bYANK$n5958922
=994  \\$aC0$bE9G

