=LDR  02462cam  22004938a 4500
=001  443437
=005  20170111093920.0
=008  110422s2011\\\\nyu\\\\\\\\\\\000\1\eng\\
=010  \\$a  2011015247
=020  \\$a9780307887436
=020  \\$a030788743X
=020  \\$a9780307887450
=020  \\$a0307887456
=020  \\$a9780307887443 (pbk.)
=020  \\$a0307887448 (pbk.)
=035  \\$a(OCoLC)ocn687652381
=035  \\$a(OCoLC)687652381
=035  \\$a501644
=035  \\$a703345
=040  \\$aDLC$cDLC$dBTCTA$dYDXCP$dUPZ$dXBM$dON8$dE9G$dUtOrBLW
=042  \\$apcc
=049  \\$aE9GA
=050  00$aPS3603.L548$bR43 2011
=082  00$a813/.6$222
=100  1\$aCline, Ernest.
=245  10$aReady player one :$ba novel /$cErnest Cline.
=250  \\$a1st ed.
=260  \\$aNew York :$bCrown Publishers,$c2011.
=300  \\$a374 pages ;$c24 cm
=336  \\$atext$btxt$2rdacontent
=337  \\$aunmediated$bn$2rdamedia
=338  \\$avolume$bnc$2rdacarrier
=520  \\$a"Ready Player One takes place in the not-so-distant future--the world has turned into a very bleak place, but luckily there is OASIS, a virtual reality world that is a vast online utopia. People can plug into OASIS to play, go to school, earn money, and even meet other people (or at least they can meet their avatars), and for protagonist Wade Watts it certainly beats passing the time in his grim, poverty-stricken real life. Along with millions of other world-wide citizens, Wade dreams of finding three keys left behind by James Halliday, the now-deceased creator of OASIS and the richest man to have ever lived. The keys are rumored to be hidden inside OASIS, and whoever finds them will inherit Halliday's fortune. But Halliday has not made it easy. And there are real dangers in this virtual world. Stuffed to the gills with action, puzzles, nerdy romance, and 80s nostalgia, this high energy cyber-quest will make geeks everywhere feel like they were separated at birth from author Ernest Cline."--Chris Schluep, Amazon Best Book of the Month
=521  8\$a990L$bLexile
=526  \\$aAccelerated Reader$bUG$c6.7$d23$e23$z149949
=650  \0$aRegression (Civilization)$vFiction.
=650  \0$aVirtual reality$vFiction.
=650  \0$aUtopias$vFiction.
=650  \0$aPuzzles$vFiction.
=655  \7$aScience fiction.$2gsafd
=914  \\$a1323129
=994  \\$aC0$bE9G
=938  \\$aBaker and Taylor$bBTCP$nBK0009440090
=938  \\$aYBP Library Services$bYANK$n6899658

