=LDR  01464cam  2200409Ia 4500
=001  445129
=005  20160611234926.0
=008  110205t20112011nyu\\\\\\\\\\\000\f\eng\d
=019  \\$a759863310
=020  \\$a9780345511348
=020  \\$a0345511344
=035  \\$a(OCoLC)ocn701017690
=040  \\$aBTCTA$beng$cBTCTA$dYDXCP$dFN4$dUPZ$dIEP$dIA4$dUtOrBLW
=049  \\$aZPJA
=050  \4$aPS3611.A7846$bR 2011
=082  04$a813/.6$223
=100  1\$aKarpyshyn, Drew.
=245  10$aRevan /$cDrew Karpyshyn.
=250  \\$a1st ed.
=260  \\$aNew York :$bDel Rey/Ballantine Books,$c[2011], {copy}2011.
=300  \\$a298 pages ;$c25 cm.
=336  \\$atext$btxt$2rdacontent
=337  \\$aunmediated$bn$2rdamedia
=338  \\$avolume$bnc$2rdacarrier
=490  1\$aStar Wars, the old Republic
=500  \\$a"Lucas books."
=500  \\$aIncludes excerpt from: Star Wars : Darth plagueis, by James Luceno (p. [295]-298).
=520  \\$aRevan, a former Jedi whose memories have been erased, believes that he somehow stumbled on a secret that threatens the existence of the Republic and must try to stop it, even though he no longer knows what it is.
=650  \0$aGood and evil$vFiction.
=650  \0$aSpace warfare$vFiction.
=650  \0$aLife on other planets$vFiction.
=650  \0$aMemory disorders$vFiction.
=655  \0$aStar wars fiction.
=655  \7$aScience fiction.$2gsafd
=830  \0$aStar Wars, the old Republic.
=914  \\$a1326709
=994  \\$aC0$bZPJ

