=LDR  01085cam  22003738a 4500
=001  445530
=005  20160611234947.0
=008  110517s2011\\\\nyu\\\\\\\\\\\000\1\eng\\
=010  \\$a  2011018959
=020  \\$a9780765329561
=020  \\$a0765329565
=035  \\$a(OCoLC)ocn704383870
=035  \\$a(OCoLC)704383870
=040  \\$aDLC$cDLC$dBTCTA$dYDXCP$dE9G$dUtOrBLW
=049  \\$aE9GA
=050  00$aPS3569.L65$bH54 2011
=082  00$a813/.54$222
=100  1\$aSlonczewski, Joan.
=245  14$aThe highest frontier /$cJoan Slonczewski.
=250  \\$a1st ed.
=260  \\$aNew York :$bTor,$c2011.
=263  \\$a1109
=300  \\$a443 pages ;$c24 cm
=336  \\$atext$btxt$2rdacontent
=337  \\$aunmediated$bn$2rdamedia
=338  \\$avolume$bnc$2rdacarrier
=500  \\$a"A Tom Doherty Associates book."
=650  \0$aCollege students$vFiction.
=650  \0$aHuman-alien encounters$vFiction.
=655  \7$aScience fiction.$2gsafd
=914  \\$a1327685
=938  \\$aBaker and Taylor$bBTCP$nBK0009649319
=938  \\$aYBP Library Services$bYANK$n6981572
=994  \\$aC0$bE9G

