=LDR  02265cam  2200385 a 4500
=001  445675
=005  20160611234954.0
=008  110614s2011\\\\nyua\\\\\\\\\\000\1\eng\\
=010  \\$a  2011024210
=020  \\$a9780312875626 (hbk.)
=020  \\$a0312875622 (hbk.)
=035  \\$a(OCoLC)ocn707969509
=040  \\$aDLC$cDLC$dIG#$dBTCTA$dUKMGB$dIEB$dYDXCP$dUtOrBLW
=049  \\$aZPJA
=050  00$aPS3572.I534$bC47 2011
=082  00$a813/.54$222
=084  \\$aFIC028000$2bisacsh
=100  1\$aVinge, Vernor.
=245  14$aThe children of the sky /$cVernor Vinge.
=250  \\$a1st ed.
=260  \\$aNew York :$bTor Books,$c2011.
=300  \\$a444 pages :$billustrations ;$c25 cm.
=336  \\$atext$btxt$2rdacontent
=337  \\$aunmediated$bn$2rdamedia
=338  \\$avolume$bnc$2rdacarrier
=490  1\$aZones of thought series
=500  \\$a"A Tom Doherty Associates book."
=520  \\$a"Ten years have passed on Tines World, where Ravna Bergnsdot and a number of human children ended up after a disaster that nearly obliterated humankind throughout the galaxy. Ravna and the pack animals for which the planet is named have survived a war, and Ravna has saved more than one hundred children who were in cold-sleep aboard the vessel that brought them. While there is peace among the Tines, there are those among them--and among the humans--who seek power...and no matter the cost, these malcontents are determined to overturn the fledgling civilization that has taken root since the humans landed. On a world of fascinating wonders and terrifying dangers, Vernor Vinge has created a powerful novel of adventure and discovery that will entrance the many readers of A Fire Upon the Deep. Filled with the inventiveness, excitement, and human drama that have become hallmarks of his work, this new novel is sure to become another great milestone in Vinge's already stellar career. "--$cProvided by publisher.
=650  \0$aLife on other planets$vFiction.
=655  \7$aScience fiction.$2gsafd
=800  1\$aVinge, Vernor.$tQueng Ho novels ;$v2.
=856  42$3Cover image$uhttp://www.netread.com/jcusers2/bk1388/626/9780312875626/image/lgcover.9780312875626.jpg
=800  1\$aVinge, Vernor.$tZones of Thought series.
=914  \\$a1327987
=994  \\$aC0$bZPJ

