=LDR  01934cam  22004093a 4500
=001  445693
=005  20160611234955.0
=008  110320s2011\\\\cau\\\\\\\\\\\000\0\eng\d
=020  \\$a9781597802895 (pbk.)
=020  \\$a1597802891 (pbk.)
=029  1\$aAU@$b000047497632
=035  \\$a(OCoLC)ocn707971027
=035  \\$a(OCoLC)707971027
=040  \\$aBTCTA$beng$cBTCTA$dNRM$dE9G$dUtOrBLW
=049  \\$aE9GA
=050  04$aPS3606.R64$bM57 2011
=082  14$a813.6$223
=100  1\$aFrohock, Teresa.
=245  10$aMiserere :$ban autumn tale /$cTeresa Frohock.
=250  \\$a1st ed.
=260  \\$aSan Franciso :$bNight Shade Books,$c2011.
=300  \\$a280 pages ;$c23 cm
=336  \\$atext$btxt$2rdacontent
=337  \\$aunmediated$bn$2rdamedia
=338  \\$avolume$bnc$2rdacarrier
=520  \\$a"Exiled exorcist Lucian Negru deserted his lover in Hell in exchange for saving his sister Catarina's soul, but Catarine doesn't want salvation. She wants Lucian to help her fulfill her dark covenant with the Fallen Angels by using his power to open the Hell Gates. Catarine intends to lead the Fallen's hordes out of Hell and into the parallel dimension of Woerld, Heaven's frontline of defense between Earth and Hell. When Lucian refuses to help his sister, she imprisons and cripples him, but Lucian learns that Rachael, the lover he betrayed and abandoned in Hell, is dying from a demonic possession. Determined to rescue Rachael from the demon he unleashed on her soul, Lucian flees his sister, but Catarina's wrath isn't so easy to escape."-- From back cover.
=650  \0$aHell$vFiction.
=650  \0$aHeaven$vFiction.
=650  \0$aDemoniac possession$vFiction.
=650  \0$aExorcism$vFiction.
=650  \0$aDemonology$vFiction.
=650  \0$aAngels$vFiction.
=650  \0$aFantasy fiction.
=650  \0$aParanormal fiction.
=914  \\$a1328093
=938  \\$aBaker and Taylor$bBTCP$nBK0009704099
=994  \\$aC0$bE9G

