=LDR  00954cam  2200337 a 4500
=001  446019
=005  20160611235013.0
=008  110408s2011\\\\nyub\\\\\\\\\\000\1\eng\\
=010  \\$a  2011013451
=020  \\$a9780765317285 (hbk.)
=020  \\$a0765317281 (hbk.)
=035  \\$a(OCoLC)ocn679929278
=035  \\$a(OCoLC)679929278
=040  \\$aDLC$cDLC$dIG#$dBTCTA$dYDXCP$dVP@$dUtOrBLW
=049  \\$aZPPA
=082  00$a813/.6$222
=100  1\$aCharlton, Blake.
=245  10$aSpellbound /$cBlake Charlton.
=250  \\$a1st ed.
=260  \\$aNew York :$bTor,$c2011.
=300  \\$a412 pages :$bmap ;$c25 cm
=336  \\$atext$btxt$2rdacontent
=337  \\$aunmediated$bn$2rdamedia
=338  \\$avolume$bnc$2rdacarrier
=500  \\$a"A Tom Doherty Associates book."
=650  \0$aWizards$vFiction.
=650  \0$aMagic$vFiction.
=650  \0$aBlessing and cursing$vFiction.
=655  \7$aFantasy fiction.$2gsafd
=914  \\$a1329088
=994  \\$aC0$bZPP

