=LDR  01563cam  2200433 a 4500
=001  450042
=005  20161027145231.0
=008  110620s2012\\\\nyu\\\\\\\\\\\000\1\eng\\
=010  \\$a  2011025167
=020  \\$a9780765322739 (hbk.)
=020  \\$a0765322730 (hbk.)
=035  \\$a(OCoLC)ocn730404919
=035  \\$a(OCoLC)730404919
=035  \\$a678362
=040  \\$aDLC$cDLC$dIG#$dBTCTA$dYDXCP$dUtOrBLW
=049  \\$aZPPA
=082  00$a813/.54$222
=084  \\$aFIC028000$2bisacsh
=100  1\$aHerbert, Brian.
=245  10$aSisterhood of Dune /$cBrian Herbert and Kevin J. Anderson.
=250  \\$a1st ed.
=260  \\$aNew York :$bTor,$c2012.
=300  \\$a496 pages ;$c24 cm.
=336  \\$atext$btxt$2rdacontent
=337  \\$aunmediated$bn$2rdamedia
=338  \\$avolume$bnc$2rdacarrier
=490  1\$aThe Dune series
=500  \\$a"A Tom Doherty Associates book."
=520  \\$aIt is 83 years after the last of the thinking machines were destroyed in the Battle of Corrin, after Faykan Butler took the name of Corrino and established himself as the first Emperor of a new imperium. Great changes are brewing that will shape and twist all of humankind.
=650  \0$aDune (Imaginary place)$vFiction.
=650  \0$aLife on other planets$vFiction.
=650  \0$aTechnology$vFiction.
=655  \7$aScience fiction.$2lcgft
=655  \7$aScience fiction.$2gsafd
=700  1\$aAnderson, Kevin J.,$d1962- .
=800  1\$aHerbert, Frank.$tDune series.
=800  1\$aHerbert, Brian.$tSchools of Dune ;$vbk. 1.
=914  \\$a1336023
=994  \\$aC0$bZPP

