=LDR  01333cam  2200409 a 4500
=001  450535
=005  20160612064039.0
=008  111028s2012\\\\nyu\\\\\\\\\\\000\1\eng\\
=010  \\$a  2011042468
=020  \\$a9780765332004 (hardcover)
=020  \\$a0765332000 (hardcover)
=035  \\$a(OCoLC)ocn740627860
=040  \\$aDLC$beng$cDLC$dBTCTA$dAA5$dUKMGB$dUPZ$dZGG$dZPJ$dUtOrBLW
=049  \\$aZPJA
=050  00$aPS3553.A655$bS535 2012
=082  00$a813/.54$223
=100  1\$aCard, Orson Scott.
=245  10$aShadows in flight /$cOrson Scott Card.
=250  \\$a1st ed.
=260  \\$aNew York :$bTor,$c2012.
=300  \\$a237 pages ;$c22 cm.
=336  \\$atext$btxt$2rdacontent
=337  \\$aunmediated$bn$2rdamedia
=338  \\$avolume$bnc$2rdacarrier
=490  1\$aEnder
=500  \\$a"A Tom Doherty Associates book."
=526  \\$aAccelerated Reader$bUG$c6.1$d9$e9$z167352
=600  \0$aBean$c(Fictitious character from Card)$vFiction.
=650  \0$aGenetic engineering$vFiction.
=650  \0$aGenetics, Experimental$vFiction.
=650  \0$aSpace ships$vFiction.
=650  \0$aSpace colonies$vFiction.
=655  \7$aScience fiction.$2gsafd
=700  1\$aRudnicki, Stefan,$d1945-$enarrator.
=800  1\$aCard, Orson Scott.$tShadow saga;$v5.
=800  1\$aCard, Orson Scott.$tEnder's saga ;$v9.
=914  \\$a1336926

