=LDR  01044cam  22003738a 4500
=001  450561
=005  20160611235415.0
=008  110627t20122012nyu\\\\\\\\\\\000\1\eng\\
=010  \\$a  2011025175
=020  \\$a9780765323620
=020  \\$a0765323621
=035  \\$a(OCoLC)ocn733546730
=035  \\$a(OCoLC)733546730
=040  \\$aDLC$cDLC$dYDXCP$dBDX$dIEB$dJAG$dUtOrBLW
=049  \\$aOEKA
=050  00$aPS3568.A8553$bT68 2012
=082  00$a813/.54$222
=100  1\$aRawn, Melanie.
=245  10$aTouchstone /$cMelanie Rawn.
=250  \\$a1st ed.
=260  \\$aNew York :$bTor,$c[2012], {copy}2012.
=263  \\$a1201
=300  \\$a363 pages ;$c25 cm.
=336  \\$atext$btxt$2rdacontent
=337  \\$aunmediated$bn$2rdamedia
=338  \\$avolume$bnc$2rdacarrier
=490  1\$aGlass thorns ;$vbk. 1
=500  \\$a"A Tom Doherty Associates book."
=650  \0$aElves$vFiction.
=650  \0$aWizards$vFiction.
=655  \7$aFantasy fiction.$2gsafd
=800  1\$aRawn, Melanie.$tGlass thorns ;$vbk. 1.
=914  \\$a1336956
=994  \\$aC0$bOEK

