=LDR  01228cam  2200361 a 4500
=001  450603
=005  20160612064041.0
=008  110321s2012\\\\nyu\\\\d\\\\\\000\1\eng\\
=010  \\$a  2011010209
=020  \\$a9781455503063
=020  \\$a1455503061
=020  \\$a9781455503032
=020  \\$a1455503037
=035  \\$a(OCoLC)ocn707964688
=035  \\$a(OCoLC)707964688
=040  \\$aDLC$cDLC$dYDX$dBTCTA$dYDXCP$dEGM$dOEK$dUtOrBLW
=049  \\$aOEKA
=050  00$aPZ7.B14026$bPu 2012
=082  00$a[Fic]$223
=100  1\$aBaggott, Julianna.
=245  10$aPure /$cJulianna Baggott.
=250  \\$a1st ed.
=260  \\$aNew York :$bGrand Central Pub.,$c2012.
=300  \\$a434 pages ;$c24 cm
=336  \\$atext$btxt$2rdacontent
=337  \\$aunmediated$bn$2rdamedia
=338  \\$avolume$bnc$2rdacarrier
=520  \\$aIn a post-apocalyptic world, Pressia, a sixteen-year-old survivor with a doll's head fused onto her left hand meets Partridge, a "Pure" dome-dweller who is searching for his mother, sure that she has survived the cataclysm.
=526  \\$aAccelerated Reader$bUG$c4.4$d18$e18$z156091
=650  \0$aScience fiction.
=650  \0$aScience fiction$vJuvenile literature.
=914  \\$a1337027
=994  \\$aC0$bOEK

