=LDR  01530cam  2200421 a 4500
=001  452990
=005  20160611235622.0
=008  120320s2012\\\\nyub\\\\\\\\\\000\1\eng\d
=016  7\$a016004867$2Uk
=019  \\$a740627375
=020  \\$a9780765319753 (trade)
=020  \\$a0765319756 (trade)
=035  \\$a(OCoLC)ocn780621360
=035  \\$a(OCoLC)780621360$z(OCoLC)740627375
=040  \\$aUPZ$cUPZ$dBTCTA$dYDXCP$dUKMGB$dBDX$dBPLCP$dBKX$dUtOrBLW
=049  \\$aZFRA
=050  \4$aPS3573.E3978$bR34 2012
=082  04$a813/.54$223
=100  1\$aWeis, Margaret.
=245  10$aRage of the dragon /$cMargaret Weis and Tracy Hickman.
=250  \\$a1st ed.
=260  \\$aNew York :$bTor,$c2012.
=300  \\$a362 pages :$bmap ;$c25 cm.
=336  \\$atext$btxt$2rdacontent
=337  \\$aunmediated$bn$2rdamedia
=338  \\$avolume$bnc$2rdacarrier
=490  1\$aDragonships
=500  \\$a"A Tom Doherty Associates book."
=520  \\$aSkylan Ivorson and his Vindrasi clan must sail the Sea of Tears into the heart of the Forbidden Empire of the Cyclops, to implement a cunning yet delicate plan that risks his life and leadership -- for a new enemy lies deep in the sea, one who draws upon powers never harnessed by land dwellers.
=650  \0$aQuests (Expeditions)$vFiction.
=650  \0$aDragons$vFiction.
=650  \0$aGods$vFiction.
=650  \0$aHeroes$vFiction.
=655  \7$aFantasy fiction.$2gsafd
=700  1\$aHickman, Tracy.
=800  1\$aWeis, Margaret.$tDragonships.
=914  \\$a1343486
=994  \\$aC0$bZFR

