=LDR  02070cam  22003978a 4500
=001  454336
=005  20160611235732.0
=008  111202s2012\\\\nyu\\\\\\\\\\\000\1\eng\\
=010  \\$a  2011045753
=020  \\$a9781451638066 (hardback)
=020  \\$a145163806X (hardback)
=020  \\$a9781451638370 (hardback autographed copy)
=020  \\$a145163837X (hardback autographed copy)
=035  \\$a(OCoLC)ocn741542465
=040  \\$aDLC$beng$cDLC$dBTCTA$dAA5$dUKMGB$dYDXCP$dBDX$dIEB$dJST$dZPJ$dUtOrBLW
=049  \\$aZPJA
=050  00$aPS3573.E217$bR57 2012
=082  00$a813/.54$223
=084  \\$aFIC028000$aFIC028010$aFIC028030$2bisacsh
=100  1\$aWeber, David,$d1952-
=245  12$aA rising thunder /$cDavid Weber.
=260  \\$aRiverdale, NY :$bBaen ;$aNew York :$bDistributed by Simon & Schuster,$c2012.
=263  \\$a1203
=300  \\$a458 pages ;$c25 cm.
=336  \\$atext$btxt$2rdacontent
=337  \\$aunmediated$bn$2rdamedia
=338  \\$avolume$bnc$2rdacarrier
=490  1\$aHonor Harrington novel
=520  \\$a"After a brutal attack on the Manticoran home system, Honor Harrington has rooted out a plan designed to enslave the entire human species. Behind that plans lies the shadowy organization known as the Mesan Alignment. Task #1 for Honor is to shut down and secure the wormhole network that is the source of the Star Kingdom's wealth and power--but also its greatest vulnerability. Yet this is an act that the ancient and corrupt Earth-based Solarian League inevitably takes as a declaration of war. Once again Honor Harrington is thrust into a desperate battle that she must win if she is to survive to take the fight to the real enemy of galactic freedom"--$cProvided by publisher.
=600  \0$aHarrington, Honor$c(Fictitious character)$vFiction.
=650  \0$aSpace warfare$vFiction.
=655  \7$aScience fiction.$2gsafd
=800  1\$aWeber, David,$d1952-$tHonor Harrington.
=856  42$3Cover image$uhttp://www.netread.com/jcusers2/1247/066/9781451638066/image/lgcover.9781451638066.jpg
=914  \\$a1346411
=994  \\$aC0$bZPJ

