=LDR  01659cam  2200397Ia 4500
=001  455095
=005  20160611235815.0
=008  120119s2012\\\\enkb\\\\\\\\\\000\1\eng\d
=019  \\$a733231780
=020  \\$a9780857686664 (pbk.)
=020  \\$a0857686666 (pbk.)
=035  \\$a(OCoLC)ocn773296363
=035  \\$a(OCoLC)773296363$z(OCoLC)733231780
=040  \\$aUPZ$cUPZ$dBTCTA$dUKMGB$dBDX$dBUL$dMR0$dIHV$dYDXCP$dUtOrBLW
=049  \\$aZPPA
=050  \4$aPR6111.O866$bC67 2012
=082  04$a823/.92$223
=100  1\$aKowalski, David J.
=245  14$aThe company of the dead /$cDavid J. Kowalski.
=250  \\$a1st ed.
=260  \\$aLondon :$bTitan Books,$c2012.
=300  \\$a752 pages :$bmap ;$c21 cm
=336  \\$atext$btxt$2rdacontent
=337  \\$aunmediated$bn$2rdamedia
=338  \\$avolume$bnc$2rdacarrier
=520  \\$aA mysterious man appears aboard the "Titanic" on its doomed voyage to save the ship. In April 2012, Joseph Kennedy--nephew of John F. Kennedy--lives in an America occupied in the East by Greater Germany and on the West Coast by Imperial Japan. He is one of six people who can restore history to its rightful order -- even though it would mean his death, and the deaths of everyone he loves.
=610  10$aConfederate States of America.$bArmy$xOfficers$vFiction.
=610  20$aTitanic (Steamship)$vFiction.
=650  \0$aTime travel$vFiction.
=655  \7$aScience fiction.$2lcgft
=655  \7$aAlternative histories (Fiction)$2lcgft
=914  \\$a1347627
=938  \\$aBaker and Taylor$bBTCP$nBK0009982290
=938  \\$aBrodart$bBROD$n13223038$c{dollar}15.95
=938  \\$aYBP Library Services$bYANK$n7225884
=994  \\$aC0$bZPP

