=LDR  01061cam  22003738a 4500
=001  455475
=005  20160611235835.0
=008  110901s2012\\\\nyub\\\\\\\\\\000\1\eng\\
=010  \\$a  2011033197
=020  \\$a9780765319210
=020  \\$a0765319217
=035  \\$a(OCoLC)ocn740627850
=040  \\$aDLC$cDLC$dBTCTA$dYDXCP$dBDX$dGK5$dBUL$dIG{dollar}$dUtOrBLW
=043  \\$ar------
=049  \\$aZPJA
=050  00$aPS3602.U2635$bA88 2012
=082  00$a813/.6$223
=100  1\$aBuckell, Tobias S.
=245  10$aArctic rising /$cTobias S. Buckell.
=250  \\$a1st ed.
=260  \\$aNew York :$bTor,$c2012.
=263  \\$a1202
=300  \\$a303 pages :$bmap ;$c24 cm
=336  \\$atext$btxt$2rdacontent
=337  \\$aunmediated$bn$2rdamedia
=338  \\$avolume$bnc$2rdacarrier
=500  \\$a"A Tom Doherty Associates book."
=650  \0$aGlobal warming$vFiction.
=650  \0$aNuclear warfare$vFiction.
=651  \0$aArctic regions$vFiction.
=655  \7$aSuspense fiction.$2gsafd
=655  \7$aScience fiction.$2gsafd
=914  \\$a1348224
=994  \\$aC0$bZPJ

