=LDR  01060cam  2200349Ia 4500
=001  455768
=005  20160611235850.0
=008  120125t20122012nyu\\\\\\\\\\\000\1\eng\\
=019  \\$a727703191
=020  \\$a9780756407117 (hc.)
=020  \\$a0756407117 (hc.)
=035  \\$a(OCoLC)ocn773820016
=040  \\$aJAI$cJAI$dBTCTA$dJBL$dZPJ$dUtOrBLW
=049  \\$aZPJA
=100  1\$aAhmed, Saladin.
=245  10$aThrone of the Crescent Moon /$cSaladin Ahmed.
=260  \\$aNew York :$bDAW Books,$c[2012], {copy}2012.
=300  \\$a274 pages ;$c23 cm.
=336  \\$atext$btxt$2rdacontent
=337  \\$aunmediated$bn$2rdamedia
=338  \\$avolume$bnc$2rdacarrier
=490  1\$aThe Crescent Moon Kingdoms ;$vbk. 1
=650  \0$aMurder$vFiction.
=650  \0$aWizards$vFiction.
=650  \0$aMonsters$vFiction.
=650  \0$aMagic$vFiction.
=650  \0$aImaginary wars and battles$vFiction.
=655  \7$aFantasy fiction.$2lcgft
=655  \0$aAdventure stories.
=800  1\$aAhmed, Saladin.$tCrescent Moon Kingdoms ;$vbk. 1.
=914  \\$a1348676
=994  \\$aC0$bZPJ

