=LDR  01859cam  22003854a 4500
=001  460884
=005  20160612000330.0
=008  120113t20112011mdu\\\\\\\\\\\000\1\eng\d
=020  \\$a9781607012160 (pbk.)
=020  \\$a1607012162 (pbk.)
=035  \\$a(OCoLC)ocn772649949
=035  \\$a(OCoLC)772649949
=040  \\$aORX$cORX$dABG$dBUL$dIG{dollar}$dUtOrBLW
=043  \\$azma----
=049  \\$aOEKA
=082  04$a813/.6$222
=100  1\$aStoddard, Jason.
=245  10$aWinning Mars /$cJason Stoddard.
=260  \\$a[Gaithersburg, Md.] :$bPrime Books,$c[2011], {copy}2011.
=300  \\$a284 pages ;$c23 cm
=336  \\$atext$btxt$2rdacontent
=337  \\$aunmediated$bn$2rdamedia
=338  \\$avolume$bnc$2rdacarrier
=520  \\$a"Jere Gutierrez is bucking the trend at the dying art of 'linear' entertainment--what we know today as TV shows. His combinations of astounding stories, captured in the moment, captivate millions. Of course, every one of his stories are fabricated and engineered and orchestrated, even though they're sold as 'real.' Unfortunately fore Jere, his backers have begun to see through his tricks. Desperate for another story, one large enough to capture the attention of the world, he teams up with a retired TV executive to create an ad-supported mission to Mars, complete with corporate sponsors and extreme sports events. What Jere doesn't know is just how captivating his Winning Mars will be."--P. [4] of cover.
=650  \0$aReality television programs$vFiction.
=650  \0$aCompetition$vFiction.
=650  \0$aMass media$vFiction.
=650  \0$aComputer games$vFiction.
=650  \0$aTelevision producers and directors$vFiction.
=650  \0$aExtreme sports$vFiction.
=650  \0$aPopular culture$vFiction.
=651  \0$aMars (Planet)$vFiction.
=655  \7$aScience fiction.$2lcgft
=914  \\$a1355286
=994  \\$aC0$bOEK

