=LDR  01318cam  2200421 a 4500
=001  461146
=005  20160612000344.0
=008  110922s2012\\\\nyu\\\\\\\\\\\000\f\eng\\
=010  \\$a  2011036723
=020  \\$a9780765331656 (hardcover)
=020  \\$a0765331659 (hardcover)
=035  \\$a(OCoLC)ocn740627307
=035  \\$a(OCoLC)740627307
=040  \\$aDLC$beng$cDLC$dYDX$dBTCTA$dYDXCP$dBDX$dQDK$dIG{dollar}$dIK2$dUtOrBLW
=049  \\$aZPPA
=050  00$aPR6103.O685$bS66 2012
=082  00$a823/.92$223
=100  1\$aCooper, Elspeth.
=245  10$aSongs of the earth /$cElspeth Cooper.
=250  \\$a1st U.S. ed.
=260  \\$aNew York :$bTor,$c2012.
=300  \\$a467 pages ;$c25 cm.
=336  \\$atext$btxt$2rdacontent
=337  \\$aunmediated$bn$2rdamedia
=338  \\$avolume$bnc$2rdacarrier
=490  1\$aThe wild hunt ;$vbk. 1
=500  \\$a"A Tom Doherty Associates book."
=650  \0$aKnights and knighthood$vFiction.
=650  \0$aWitches$vFiction.
=650  \0$aMagic$vFiction.
=655  \7$aFantasy fiction.$2gsafd
=655  \7$aFantasy fiction.$2lcgft
=800  1\$aCooper, Elspeth.$tWild hunt ;$vbk. 1.
=914  \\$a1355859
=938  \\$aBaker and Taylor$bBTCP$nBK0010023335
=938  \\$aYBP Library Services$bYANK$n7215771
=938  \\$aBrodart$bBROD$n13313576$c{dollar}24.99
=994  \\$aC0$bZPP

