=LDR  01642cam  2200433 a 4500
=001  464777
=005  20160612000656.0
=008  120312s2012\\\\nyu\\\\\\\\\\\000\f\eng\\
=010  \\$a  2012010070
=020  \\$a9780345500915 (hbk. : alk. paper)
=020  \\$a0345500911 (hbk. : alk. paper)
=020  \\$a9780345533500 (eBook)
=020  \\$a034553350X (eBook)
=035  \\$a(OCoLC)ocn754713873
=035  \\$a(OCoLC)754713873
=040  \\$aDLC$beng$cDLC$dYDX$dBTCTA$dBDX$dWIM$dBPLCP$dYDXCP$dLIV$dJAG$dVP@$dCDX$dUPZ$dBWX$dUBY$dUtOrBLW
=042  \\$apcc
=049  \\$aZPPA
=050  00$aPS3563.A255$bS58 2012
=082  00$a813/.54$223
=100  1\$aMcCaffrey, Anne.
=245  10$aSky dragons /$cAnne McCaffrey and Todd McCaffrey.
=250  \\$a1st ed.
=264  \4$aNew York :$bDel Rey/Ballantine Books,$c{copy}2012
=300  \\$ax, 344 pages ;$c25 cm.
=336  \\$atext$btxt$2rdacontent
=337  \\$aunmediated$bn$2rdamedia
=338  \\$avolume$bnc$2rdacarrier
=490  1\$aDragonriders of Pern
=520  \\$aXhinna, the first female Weyrleader, and her group of young dragonriders struggle to rebuild the decimated dragon population and protect the world from a deadly alien spore by collecting dragon eggs and protecting baby dragons from predators and saboteurs.
=650  \0$aPern (Imaginary place)$vFiction.
=650  \0$aDragons$vFiction.
=650  \0$aLife on other planets$vFiction.
=650  \0$aSpace colonies$vFiction.
=655  \0$aFantasy fiction, American.
=655  \7$aFantasy fiction.$2gsafd
=700  1\$aMcCaffrey, Todd,$d1956-
=800  1\$aMcCaffrey, Anne.$tDragonriders of Pern;$v30.
=914  \\$a1362535

