=LDR  01445cam  22003858a 4500
=001  465120
=005  20160612064931.0
=008  120327s2012\\\\nyu\\\\\\\\\\\000\1\eng\\
=010  \\$a  2012011661
=020  \\$a9780765329042 (hardcover) :$c{dollar}24.99
=020  \\$a0765329042 (hardcover) :$c{dollar}24.99
=035  \\$a(OCoLC)ocn760974724
=040  \\$aDLC$beng$cDLC$dBTCTA$dYDXCP$dBDX$dUPZ$dJQM$dZS3$dJBL$dJP3$dIJ5$dZPJ$dUtOrBLW
=049  \\$aZPJA
=050  00$aPS3553.A655$bE37 2012
=082  00$a813/.54$223
=100  1\$aCard, Orson Scott.
=245  10$aEarth unaware :$bthe First Formic War /$cOrson Scott Card and Aaron Johnston.
=250  \\$a1st ed.
=260  \\$aNew York :$bTor,$c2012.
=263  \\$a1207
=300  \\$a368 pages ;$c25 cm.
=336  \\$atext$btxt$2rdacontent
=337  \\$aunmediated$bn$2rdamedia
=338  \\$avolume$bnc$2rdacarrier
=490  1\$aThe Formic Wars ;$vv. 1
=500  \\$a"A Tom Doherty Associates book."
=520  \\$aThe mining ship El Cavador, beyond Pluto, detects a fast-moving incoming object headed toward Earth. The crew decides it's probably not important, but they're wrong: it represents the opening wave of the first Formic War.
=526  \\$aAccelerated Reader$bUG$c5.6$d20$e20$z167355
=650  \0$aSpace warfare$vFiction.
=655  \7$aScience fiction.$2gsafd
=700  1\$aJohnston, Aaron.
=800  1\$aCard, Orson Scott.$tFormic Wars ;$vv. 1.
=914  \\$a1363237
=994  \\$aC0$bZPJ

