=LDR  01010cam  2200337Ia 4500
=001  466453
=005  20160612000825.0
=008  111124s2012\\\\nyub\\\\\\\\\\000\1\eng\d
=020  \\$a9780316218283 (pbk.)
=020  \\$a0316218286 (pbk.)
=035  \\$a(OCoLC)ocn764372836
=035  \\$a(OCoLC)764372836
=040  \\$aBTCTA$beng$cBTCTA$dBDX$dFMG$dJCW$dMR0$dCO2$dUtOrBLW
=049  \\$aOEKA
=050  14$aPS3626.I87$bR48 2012
=082  04$a813/.6$223
=100  1\$aZito, V. M.
=245  14$aThe return man /$cV.M. Zito.
=260  \\$aNew York :$bOrbit,$c2012.
=300  \\$a438 pages :$bmap ;$c19 cm
=336  \\$atext$btxt$2rdacontent
=337  \\$aunmediated$bn$2rdamedia
=338  \\$avolume$bnc$2rdacarrier
=500  \\$aIncludes an interview with the author.
=500  \\$a"Civilization's gone. He's stayed to bury the dead"--Cover.
=650  \0$aZombies$vFiction.
=651  \0$aCalifornia$vFiction.
=655  \0$aDystopias.
=655  \7$aHorror fiction.$2gsafd
=914  \\$a1365554
=994  \\$aC0$bOEK

