=LDR  01287cam  2200349 a 4500
=001  466472
=005  20160612000826.0
=008  120508s2012\\\\nyu\\\\\\\\\\\000\1\eng\\
=010  \\$a  2012017272
=020  \\$a9780765303615 (hbk.)
=020  \\$a0765303612 (hbk.)
=035  \\$a(OCoLC)ocn760974805
=040  \\$aDLC$beng$cDLC$dIG#$dBTCTA$dYDXCP$dBDX$dWIQ$dIEB$dCDX$dMP8$dLF3$dZPJ$dUtOrBLW
=049  \\$aZPJA
=050  00$aPS3552.R4825$bE95 2012
=082  00$a813/.54$223
=100  1\$aBrin, David.
=245  10$aExistence /$cDavid Brin.
=250  \\$a1st ed.
=260  \\$aNew York :$bTor,$c2012.
=300  \\$a556 pages ;$c25 cm
=336  \\$atext$btxt$2rdacontent
=337  \\$aunmediated$bn$2rdamedia
=338  \\$avolume$bnc$2rdacarrier
=500  \\$a"A Tom Doherty Associates book."
=504  \\$aIncludes bibliographical references.
=520  \\$aIn a future world dominated by a neural-link web where people can tune into live events and revolutions can be instantly sparked, an active alien communication device is discovered in orbit around the Earth, triggering an international upheaval of fear, hope and violence.
=650  \0$aAntiquities$vFiction.
=650  \0$aCommunication$vFiction.
=655  \7$aScience fiction.$2gsafd
=914  \\$a1365576
=994  \\$aC0$bZPJ

