=LDR  01643cam  2200409 a 4500
=001  467087
=005  20160612065045.0
=008  081022s2009\\\\tnub\\\\\\\\\\000\1\eng\\
=010  \\$a  2008043949
=020  \\$a9781595540874 (alk. paper)
=020  \\$a1595540873 (alk. paper)
=035  \\$a(OCoLC)ocn244054913
=035  \\$a(OCoLC)244054913
=040  \\$aDLC$cDLC$dBTCTA$dBAKER$dYDXCP$dUPZ$dLIQ$dJP3$dCQU$dSGB$dO2H$dBDX$dUtOrBLW
=043  \\$ae-uk---$ae-uk-wl
=049  \\$aOEKA
=050  00$aPS3562.A865$bT83 2009
=082  00$a813/.54$222
=100  1\$aLawhead, Stephen R.,$d1950-
=245  10$aTuck /$cby Stephen R. Lawhead.
=260  \\$aNashville :$bThomas Nelson Pub.,$c2009.
=300  \\$a452 pages :$bmap ;$c25 cm.
=336  \\$atext$btxt$2rdacontent
=337  \\$aunmediated$bn$2rdamedia
=338  \\$avolume$bnc$2rdacarrier
=490  1\$aKing Raven ;$vbk. 3
=520  \\$aAbbot Hugo plans to bring the invading Norman marchogi to the forest in force, heralding the start of a campaign to wipe out King Raven and his band once and for all. But Friar Tuck, a most unconventional priest, may just have a solution to the band's desperate dilemma.
=526  \\$aAccelerated Reader$bUG$c6.9$d19$e19$z169788
=600  \0$aRobin Hood$c(Legendary character)$vFiction.
=650  \0$aHistorical fiction.$2gsafd
=651  \0$aGreat Britain$xHistory$yNorman period, 1066-1154$vFiction.
=651  \0$aWales$xHistory$y1063-1284$vFiction.
=655  \7$aHistorical fiction.$2gsafd
=655  \7$aFantasy fiction.$2gsafd
=800  1\$aLawhead, Stephen R.,$d1950-$tKing Raven trilogy ;$vbk. 3.
=914  \\$a1366758
=994  \\$aC0$bOEK

