=LDR  01052cam  2200361 a 4500
=001  467778
=005  20160612000935.0
=008  110727s2012\\\\nyu\\\\\\\\\\\000\f\eng\\
=010  \\$a  2011028110
=020  \\$a9780316187282 (pbk.)
=020  \\$a0316187283 (pbk.)
=035  \\$a(OCoLC)ocn743298770
=035  \\$a(OCoLC)743298770
=040  \\$aDLC$beng$cDLC$dYDX$dBTCTA$dBDX$dYDXCP$dEINCP$dZAG$dBWX$dVP@$dOCP$dUtOrBLW
=049  \\$aOEKA
=050  00$aPS3610.E46$bK55 2012
=082  00$a813/.6$222
=100  1\$aJemisin, N. K.
=245  14$aThe killing moon /$cN.K. Jemisin.
=250  \\$a1st ed.
=260  \\$aNew York :$bOrbit,$c2012.
=300  \\$a440 pages ;$c21 cm.
=336  \\$atext$btxt$2rdacontent
=337  \\$aunmediated$bn$2rdamedia
=338  \\$avolume$bnc$2rdacarrier
=490  1\$aDreamblood ;$vbk. 1
=650  \0$aMagic$vFiction.
=650  \0$aDreams$vFiction.
=650  \0$aConspiracies$vFiction.
=655  \7$aFantasy fiction.$2gsafd
=800  1\$aJemisin, N. K.$tDreamblood ;$vbk. 1.
=914  \\$a1368272
=994  \\$aC0$bOEK

