=LDR  02161cam  2200517 a 4500
=001  470294
=005  20160612001148.0
=008  120830s2012\\\\nyuabe\\\\\\\\000\1\eng\\
=010  \\$a  2012035596
=019  \\$a778422430
=020  \\$a9781250001405 (hbk.)
=020  \\$a1250001404 (hbk.)
=035  \\$a(OCoLC)ocn800132628
=035  \\$a(OCoLC)800132628$z(OCoLC)778422430
=040  \\$aDLC$beng$cDLC$dIG#$dUPZ$dBTCTA$dBDX$dUKMGB$dAZZPT$dCDX$dILC$dJBL$dIK2$dJBL$dYDXCP$dUtOrBLW
=043  \\$aa-ja---
=049  \\$aZPPA
=050  00$aPR9619.4.K74$bS76 2012
=082  00$a823/.92$223
=100  1\$aKristoff, Jay.
=245  10$aStormdancer /$cJay Kristoff.
=250  \\$a1st U.S. ed.
=260  \\$aNew York :$bThomas Dunne Books,$c2012.
=300  \\$a324 pages :$billustrations, map, plan ;$c25 cm.
=336  \\$atext$btxt$2rdacontent
=337  \\$aunmediated$bn$2rdamedia
=338  \\$avolume$bnc$2rdacarrier
=490  1\$a[The lotus war ;$vbk. 1]
=500  \\$aSeries statement from dust jkt.
=520  \\$aIn this dystopian steampunk fantasy set against a backdrop of feudal Japan, warrior Yukiko captures a supposedly extinct (but crippled) griffin for the Shogun, then learns -- after meeting secretive Kin and the rebel Kage cabal -- of the horrifying extent of the Shogun's crimes, both against her country and her family. Returning to the city, Yukiko is determined to make the Shogun pay -- but what can one girl and a flightless griffin do against the might of an empire?
=650  \0$aYoung women$vFiction.
=650  \0$aGriffins$vFiction.
=650  \0$aShoguns$vFiction.
=650  \0$aRevenge$vFiction.
=651  \0$aJapan$xHistory$yGenroku period, 1688-1704$vFiction.
=655  \7$aSteampunk fiction.$2lcgft
=655  \7$aDystopias.$2gsafd
=655  \7$aFantasy fiction.$2gsafd
=800  1\$aKristoff, Jay.$tLotus war ;$vbk. 1.
=914  \\$a1372770
=938  \\$aIngram$bINGR$n9781250001405
=938  \\$aBaker and Taylor$bBTCP$nBK0010830418
=938  \\$aBrodart$bBROD$n101782403$c{dollar}24.99
=938  \\$aCoutts Information Services$bCOUT$n21165194
=938  \\$aYBP Library Services$bYANK$n7670697
=994  \\$aC0$bZPP

