=LDR  01350cam  22003738a 4500
=001  472336
=005  20160612065353.0
=008  120516t20122012nyu\\\\\\\\\\\000\1\eng\\
=010  \\$a  2012020292
=020  \\$a9780345523471 (hardcover : acid-free paper)
=020  \\$a0345523474 (hardcover : acid-free paper)
=035  \\$a(OCoLC)ocn769424587
=040  \\$aDLC$beng$cDLC$dBTCTA$dBDX$dUPZ$dIEB$dCDX$dZPJ$dUtOrBLW
=049  \\$aZPJA
=050  00$aPS3552.R6596$bW37 2012
=082  00$a813/.54$223
=100  1\$aBrooks, Terry.
=245  10$aWards of Faerie /$cTerry Brooks.
=250  \\$a1st ed.
=260  \\$aNew York :$bDel Rey,$c[2012], {copy}2012.
=263  \\$a1209
=300  \\$a371 pages ;$c25 cm.
=336  \\$atext$btxt$2rdacontent
=337  \\$aunmediated$bn$2rdamedia
=338  \\$avolume$bnc$2rdacarrier
=490  1\$aDark legacy of Shannara
=520  \\$aDuring a tumultuous period in the Four Lands, young Druid Aphenglow stumbles on a dangerous secret about an Elven girl's heartbreak and the vanished Elfstones. Set seven years after the High Druid series.
=526  \\$aAccelerated Reader$bUG$c6.4$d21$e21$z156778
=650  \0$aElves$vFiction.
=650  \0$aShannara (Imaginary place)$vFiction.
=655  \7$aFantasy fiction.$2gsafd
=800  1\$aBrooks, Terry.$tDark legacy of Shannara.
=914  \\$a1376527
=994  \\$aC0$bZPJ

