=LDR  01082cam  2200337 a 4500
=001  472342
=005  20160612001339.0
=008  120515t20122012tnu\\\\\\\\\\\000\1\eng\\
=010  \\$a  2012018426
=020  \\$a9781595548061 (hbk.)
=020  \\$a1595548068 (hbk.)
=035  \\$a(OCoLC)ocn779873384
=040  \\$aDLC$beng$cDLC$dIG#$dBTCTA$dBDX$dIEU$dWIQ$dIUK$dZPJ$dUtOrBLW
=049  \\$aZPJA
=050  00$aPS3562.A865$bS75 2012
=082  00$a813/.54$223
=100  1\$aLawhead, Stephen R.,$d1950-
=245  14$aThe spirit well /$cStephen R. Lawhead.
=260  \\$aNashville, Tenn. :$bThomas Nelson,$c[2012], {copy}2012.
=300  \\$axiii, 377 pages ;$c25 cm.
=336  \\$atext$btxt$2rdacontent
=337  \\$aunmediated$bn$2rdamedia
=338  \\$avolume$bnc$2rdacarrier
=490  1\$aA Bright empires novel ;$vbk. 3
=650  \0$aSpace and time$vFiction.
=650  \0$aTime travel$vFiction.
=655  \7$aScience fiction.$2gsafd
=655  \7$aFantasy fiction.$2gsafd
=800  1\$aLawhead, Stephen R.,$d1950-$tBright Empires novel ;$vbk. 3.
=914  \\$a1376533
=994  \\$aC0$bZPJ

