=LDR  01020cam  2200337 a 4500
=001  473526
=005  20160612001442.0
=008  110804s2012\\\\nyu\\\\\\\\\\\000\f\eng\\
=010  \\$a  2011029875
=020  \\$a9780316187299
=020  \\$a0316187291
=035  \\$a(OCoLC)ocn745609606
=035  \\$a(OCoLC)745609606$z(OCoLC)794593999
=040  \\$aDLC$beng$cDLC$dYDX$dBTCTA$dBDX$dYDXCP$dIEP$dIH9$dJAG$dBWX$dVP@$dY#4$dUtOrBLW
=050  00$aPS3610.E46$bS53 2012
=082  00$a813/.6$223
=100  1\$aJemisin, N. K.
=245  14$aThe shadowed sun /$cN.K. Jemisin.
=250  \\$a1st ed.
=260  \\$aNew York :$bOrbit,$c2012.
=300  \\$a519 pages ;$c21 cm.
=336  \\$atext$btxt$2rdacontent
=337  \\$aunmediated$bn$2rdamedia
=338  \\$avolume$bnc$2rdacarrier
=490  1\$aBook two of dreamblood
=650  \0$aPrinces$vFiction.
=650  \0$aEpidemics$vFiction.
=650  \0$aNightmares$vFiction.
=655  \7$aFantasy fiction.$2gsafd
=800  1\$aJemisin, N. K.$tDreamblood ;$vbk. 2.
=914  \\$a1378906

