=LDR  01150cam  2200361 a 4500
=001  473528
=005  20170108014625.0
=008  110816s2012\\\\nyu\\\\\\\\\\\000\1\eng\\
=010  \\$a  2011031646
=020  \\$a9780316129060 (pbk.)
=020  \\$a0316129062 (pbk.)
=020  \\$a9780316129060$c{dollar}   17.00
=020  \\$a0316129062$c{dollar}   17.00
=035  \\$a(OCoLC)ocn747099252
=035  \\$a(OCoLC)747099252$z(OCoLC)795699949
=040  \\$aDLC$beng$cDLC$dIG#$dBTCTA$dBDX$dYDXCP$dJAG$dWIQ$dABG$dVP@$dBWX$dY#4$dUtOrBLW
=050  00$aPS3601.B677$bC35 2012
=082  00$a813/.6$222
=100  1\$aCorey, James S. A.
=245  10$aCaliban's war /$cJames S.A. Corey.
=250  \\$a1st ed.
=260  \\$aNew York :$bOrbit,$c2012.
=300  \\$a611 pages ;$c24 cm.
=336  \\$atext$btxt$2rdacontent
=337  \\$aunmediated$bn$2rdamedia
=338  \\$avolume$bnc$2rdacarrier
=490  1\$aThe expanse ;$vbk. 2
=650  \0$aSpace warfare$vFiction.
=650  \0$aInterplanetary voyages$vFiction.
=650  \0$aExtraterrestrial beings$vFiction.
=655  \7$aScience fiction.$2lcgft
=800  1\$aCorey, James S. A.$tExpanse ;$vbk. 2.
=914  \\$a1378908

