=LDR  02012cam  2200409Ia 4500
=001  476690
=005  20160612001728.0
=008  120222t20122012cau\\\\\\\\\\\000\1\eng\d
=020  \\$a9781597804172
=020  \\$a1597804177
=029  1\$aAU@$b000049168202
=029  1\$aNZ1$b14280327
=035  \\$a(OCoLC)ocn778417862
=035  \\$a(OCoLC)778417862
=040  \\$aBTCTA$beng$cBTCTA$dBDX$dHCO$dCDX$dIH9$dH{dollar}Y$dUtOrBLW
=049  \\$aH{dollar}YA
=050  \4$aPR
=092  \\$a813.6
=100  1\$aSwift, E. J.$q(Emma J.)
=245  10$aOsiris /$cE.J. Swift.
=250  \\$a1st ed.
=260  \\$aSan Francisco [Calif.] :$bNight Shade Books,$c[2012], {copy}2012.
=300  \\$aii, 427 pages ;$c24 cm.
=336  \\$atext$btxt$2rdacontent
=337  \\$aunmediated$bn$2rdamedia
=338  \\$avolume$bnc$2rdacarrier
=490  1\$aThe Osiris Project ;$vbk. 1
=520  \\$a"Rising high above the frigid waters, the ocean city of Osiris has been cut off from the land since the Great Storm 50 years ago. Most believe that Osiris is the last city on Earth. Adelaide is the black-sheep granddaughter of the city's Architect. A jaded socialite, she wants little to do with her powerful relatives--until her troubled twin brother disappears mysteriously. Vikram, a third-generation storm refugee, sees his own people dying of cold and starvation. He hopes to use Adelaide to bring about much-needed reforms--but who is using whom? As another brutal winter brings Osiris closer to riot and revolution, two very different people attempt to bridge the gap dividing the city, only to find a future far more complicated than either of them ever imagined."--Amazon.com.
=650  \0$aStorms$vFiction.
=650  \0$aCity and town life$vFiction.
=655  \7$aScience fiction.$2gsafd
=800  1\$aSwift, E. J.$tOsiris Project ;$vbk. 1.
=914  \\$a1385144
=938  \\$aBaker and Taylor$bBTCP$nBK0010826962
=938  \\$aBrodart$bBROD$n102654050$c{dollar}26.99
=938  \\$aCoutts Information Services$bCOUT$n20984577
=994  \\$aC0$bH{dollar}Y

