=LDR  01220cam  2200349Ii 4500
=001  481196
=005  20160612002129.0
=008  121126s2013\\\\nyu\\\\\\\\\\\000\1\eng\d
=020  \\$a9780345511508
=020  \\$a0345511506
=035  \\$a(OCoLC)ocn819325422
=035  \\$a(OCoLC)819325422
=040  \\$aUPZ$beng$erda$cUPZ$dIUK$dIEP$dOCO$dY#4$dUtOrBLW
=050  \4$aPS3576.A33$bS36 2012
=082  04$a813/.54$223
=100  1\$aZahn, Timothy.
=245  10$aStar Wars.$pScoundrels /$cTimothy Zahn.
=246  30$aScoundrels
=264  \1$aNew York :$bDel Rey/Ballantine Books,$c2013.
=300  \\$a443 pages ;$c25 cm
=336  \\$atext$btxt$2rdacontent
=337  \\$aunmediated$bn$2rdamedia
=338  \\$avolume$bnc$2rdacarrier
=500  \\$a"Lucas books."
=520  \\$aHan Solo, Chewbacca, and Lando Calrissian work together on a potentially lucrative heist in the hopes of paying off Jabba the Hutt's bounty on Han's head.
=600  10$aSolo, Han$c(Fictitious character)$vFiction.
=650  \0$aCalrissian, Lando (Fictitious character)$vFiction.
=650  \0$aLife on other planets$vFiction.
=650  \0$aStar Wars fiction.
=655  \0$aStar wars fiction.
=655  \7$aScience fiction.$2gsafd
=914  \\$a1393099

