=LDR  01685cam  22004938a 4500
=001  481883
=005  20170108014629.0
=008  121003s2013\\\\nyub\\\\\\\\\\000\1\eng\\
=010  \\$a  2012037361
=020  \\$a9780765325952 :$c{dollar}34.99
=020  \\$a0765325950 :$c{dollar}34.99
=020  \\$a9780765331151
=020  \\$a0765331152
=035  \\$a(OCoLC)ocn783144472
=035  \\$a(OCoLC)783144472
=040  \\$aDLC$beng$cDLC$dBTCTA$dBDX$dYDXCP$dOCLCO$dUPZ$dMZ3$dOCO$dUtOrBLW
=049  \\$aZPPA
=050  00$aPS3560.O7617$bM46 2013
=082  00$a813/.54$223
=100  1\$aJordan, Robert,$d1948-2007.
=245  12$aA memory of light /$cRobert Jordan and Brandon Sanderson.
=250  \\$a1st ed.
=260  \\$aNew York :$bTor,$c2013.
=263  \\$a1301
=300  \\$a909 pages :$bmap ;$c25 cm.
=336  \\$atext$btxt$2rdacontent
=337  \\$aunmediated$bn$2rdamedia
=338  \\$avolume$bnc$2rdacarrier
=490  1\$aWheel of time ;$vbk. 14
=500  \\$a"A Tom Doherty Associates book."
=520  \\$aThe conclusion to the Wheel of Time series draws on notes left by the late Robert Jordan.
=526  \\$aAccelerated Reader$bUG$c5.1$d53$e53$z158237
=650  \0$aRand al'Thor (Fictitious character)$vFiction.
=650  \0$aImaginary wars and battles$vFiction.
=650  \0$aProphecies$vFiction.
=655  \7$aFantasy fiction.$2gsafd
=655  \7$aFantasy fiction.$2lcgft
=700  1\$aSanderson, Brandon.
=800  1\$aJordan, Robert,$d1948-2007.$tWheel of time ;$vbk. 14.
=914  \\$a1394442
=994  \\$aC0$bZPP
=938  \\$aBaker and Taylor$bBTCP$nBK0011576300
=938  \\$aBrodart$bBROD$n102777934$c{dollar}34.99
=938  \\$aYBP Library Services$bYANK$n8750319

