=LDR  01506cam  2200385 a 4500
=001  482703
=005  20160612002253.0
=008  120828s2012\\\\nyu\\\\\\\\\\\000\f\eng\\
=010  \\$a  2012032540
=020  \\$a9780451464408 (hardcover)
=020  \\$a0451464400 (hardcover)
=035  \\$a(OCoLC)ocn807040421
=035  \\$a(OCoLC)807040421
=040  \\$aDLC$beng$cDLC$dBTCTA$dYDXCP$dOCLCO$dUPZ$dIHV$dY#4$dUtOrBLW
=042  \\$apcc
=043  \\$an-us-il
=050  00$aPS3602.U85$bC65 2012
=082  00$a813/.6$223
=100  1\$aButcher, Jim,$d1971-
=245  10$aCold days :$ba novel of the Dresden files /$cJim Butcher.
=260  \\$aNew York :$bRoc,$c2012.
=300  \\$a515 pages ;$c24 cm.
=336  \\$atext$btxt$2rdacontent
=337  \\$aunmediated$bn$2rdamedia
=338  \\$avolume$bnc$2rdacarrier
=490  1\$aDresden files ;$vbk. 14
=500  \\$a"A Roc book".
=520  \\$aFollowing his death by a mystery assailant, Harry Dresden, Winter Knight to Mab, the Queen of Air and Darkness, must gather his friends and allies, prevent the annihilation of countless innocents, and find a way out of his eternal subservience before his newfound powers claim the only thing he has left to call his own ... his soul.
=650  \0$aDresden, Harry (Fictitious character)$vFiction.
=650  \0$aWizards$vFiction.
=650  \0$aMagic$vFiction.
=651  \0$aChicago (Ill.)$vFiction.
=655  \7$aFantasy fiction.$2gsafd
=800  1\$aButcher, Jim,$d1971-$tDresden files;$v14.
=914  \\$a1396229

