=LDR  01264cam  2200325 a 4500
=001  484098
=005  20160612002407.0
=008  121003s2012\\\\nyu\\\\\\\\\\\000\1\eng\\
=010  \\$a  2012037360
=020  \\$a9780765329509
=020  \\$a0765329506
=035  \\$a(OCoLC)ocn740627871
=040  \\$aDLC$beng$cDLC$dBTCTA$dYDXCP$dBDX$dGO9$dOCLCO$dAZZPT$dEINCP$dZPJ$dUtOrBLW
=049  \\$aZPJA
=050  00$aPR9170.F563$bF73 2012
=082  00$a823/.92$223
=100  1\$aRajaniemi, Hannu.
=245  14$aThe fractal prince /$cHannu Rajaniemi.
=250  \\$a1st U.S. ed.
=260  \\$aNew York :$bTor,$c2012.
=300  \\$a300 pages ;$c25 cm
=336  \\$atext$btxt$2rdacontent
=337  \\$aunmediated$bn$2rdamedia
=338  \\$avolume$bnc$2rdacarrier
=520  \\$aA physicist receives mysterious information about how to enable immortality in a city torn by the agendas of "fast ones," shadow players, jinni, and two revolution-minded sisters; while a thief on the edge of reality is aided by a sardonic ship to risk his freedom and find his patron.
=650  \0$aPhysics$vFiction.
=650  \0$ale Flambeur, Jean (Fictitious character)$vFiction.
=655  \7$aScience fiction.$2gsafd
=800  1\$aRajaniemi, Hannu.$tQuantum thief novels ;$v2.
=914  \\$a1398804

