=LDR  01342cam  2200385 a 4500
=001  484658
=005  20160612002435.0
=008  120820s2012\\\\nyu\\\\\\\\\\\000\1\eng\\
=010  \\$a  2012030864
=020  \\$a9780312547714 (hardcover)
=020  \\$a0312547714 (hardcover)
=020  \\$a9781250013453 (e-book)
=020  \\$a1250013453 (e-book)
=035  \\$a(OCoLC)ocn778421632
=035  \\$a(OCoLC)778421632
=040  \\$aDLC$beng$cDLC$dBTCTA$dBDX$dUKMGB$dOCLCO$dOCO$dYDXCP$dUtOrBLW
=049  \\$aOEKA
=050  00$aPS3560.E85$bD35 2012
=082  00$a813/.54$223
=100  1\$aJeter, K. W.
=245  10$aDeath's apprentice :$ba Grimm City novel /$cK. W. Jeter & Gareth Jefferson Jones.
=260  \\$aNew York :$bSt. Martin's Press,$c2012.
=300  \\$a293 pages ;$c23 cm
=336  \\$atext$btxt$2rdacontent
=337  \\$aunmediated$bn$2rdamedia
=338  \\$avolume$bnc$2rdacarrier
=500  \\$aAdaptation based not only upon the well-known fairy tales of the Brothers Grimm, but also upon their unknown sagas and essays.
=650  \0$aParanormal fiction.
=655  \7$aScience fiction.$2gsafd
=655  \7$aFantasy fiction.$2gsafd
=700  1\$aJones, Gareth Jefferson.
=700  1\$aGrimm, Jacob,$d1785-1863.
=700  1\$aGrimm, Wilhelm,$d1786-1859.
=800  1\$aJeter, K. W.$tGrimm City novels ;$v1.
=914  \\$a1399761

