=LDR  01476cam  22003858i 4500
=001  488657
=005  20160612070333.0
=008  121121s2013\\\\nyuab\\\\\\\\\000\1\eng\\
=010  \\$a  2012041705
=020  \\$a9780345523501 (hardcover : alk. paper)
=020  \\$a0345523504 (hardcover : alk. paper)
=035  \\$a(OCoLC)ocn798058778
=035  \\$a(OCoLC)798058778
=040  \\$aDLC$beng$erda$cDLC$dBTCTA$dBDX$dYDXCP$dO2C$dOCLCO$dUPZ$dRV8$dIEB$dUtOrBLW
=042  \\$apcc
=049  \\$aZPPA
=050  00$aPS3552.R6596$bB56 2013
=082  00$a813/.54$223
=100  1\$aBrooks, Terry.
=245  10$aBloodfire Quest /$cTerry Brooks.
=250  \\$aFirst Edition.
=263  \\$a1303
=264  \1$aNew York :$bDel Rey,$c2013.
=300  \\$a351 pages :$bcolor illustration, color map ;$c25 cm.
=336  \\$atext$btxt$2rdacontent
=337  \\$aunmediated$bn$2rdamedia
=338  \\$avolume$bnc$2rdacarrier
=490  1\$aDark legacy of Shannara
=520  \\$aA follow-up to "The Wards of Faerie" places the fate of an innocent young girl in the hands of protectors who embark on a dangerous quest to protect a once-peaceful world from dangerous creatures imprisoned behind an eroding magical barrier.
=526  \\$aAccelerated Reader$bUG$c6.3$d16$e16$z158519
=650  \0$aShannara (Imaginary place)$vFiction.
=650  \0$aQuests (Expeditions)$vFiction.
=655  \7$aFantasy fiction.$2gsafd
=800  1\$aBrooks, Terry.$tDark legacy of Shannara ;$v2.
=914  \\$a1407442

