=LDR  02451cam  2200481 a 4500
=001  489550
=005  20160612002853.0
=008  120716s2013\\\\nyu\\\\\\\\\\\000\1\eng\\
=010  \\$a  2012026479
=020  \\$a9780765329325 (hbk.)
=020  \\$a0765329328 (hbk.)
=035  \\$a(OCoLC)ocn795010298
=035  \\$a(OCoLC)795010298
=040  \\$aDLC$beng$cDLC$dIG#$dYDXCP$dBTCTA$dBDX$dUKMGB$dWIM$dIK2$dZPP$dUtOrBLW
=049  \\$aZPPA
=050  00$aPS3602.E429$bS59 2013
=082  00$a813/.6$223
=084  \\$aFIC009000$2bisacsh
=100  1\$aBelcher, R. S.
=245  14$aThe six-gun tarot /$cR. S. Belcher.
=250  \\$a1st ed.
=260  \\$aNew York :$bTor,$c2013.
=300  \\$a364 pages ;$c25 cm
=336  \\$atext$btxt$2rdacontent
=337  \\$aunmediated$bn$2rdamedia
=338  \\$avolume$bnc$2rdacarrier
=500  \\$a"A Tom Doherty Associates book"
=520  \\$a"Nevada, 1869: Beyond the pitiless 40-Mile Desert lies Golgotha, a cattle town that hides more than its share of unnatural secrets. The sheriff bears the mark of the noose around his neck; some say he is a dead man whose time has not yet come. His half-human deputy is kin to coyotes. The mayor guards a hoard of mythical treasures. A banker's wife belongs to a secret order of assassins. And a shady saloon owner, whose fingers are in everyone's business, may know more about the town's true origins than he's letting on. A haven for the blessed and the damned, Golgotha has known many strange events, but nothing like the primordial darkness stirring in the abandoned silver mine overlooking the town. Bleeding midnight, an ancient evil is spilling into the world, and unless the sheriff and his posse can saddle up in time, Golgotha will have seen its last dawn . . . and so will all of Creation. "--$cProvided by publisher.
=650  \0$aGood and evil$vFiction.
=650  \0$aSheriffs$vFiction.
=650  \0$aAssassins$vFiction.
=650  \0$aMagic$vFiction.
=650  \0$aDemonology$vFiction.
=650  \0$aEnd of the world$vFiction.
=655  \7$aFantasy fiction.$2gsafd
=655  \7$aHorror fiction.$2gsafd
=856  42$3Cover image$uhttp://www.netread.com/jcusers2/bk1388/325/9780765329325/image/lgcover.9780765329325.jpg
=914  \\$a1409091
=938  \\$aIngram$bINGR$n9780765329325
=938  \\$aYBP Library Services$bYANK$n7697420
=938  \\$aBaker and Taylor$bBTCP$nBK0011474694
=938  \\$aBrodart$bBROD$n103338985
=994  \\$aC0$bZPP

