=LDR  01314cam  22003738a 4500
=001  491318
=005  20170108014633.0
=008  120926s2013\\\\nyub\\\\\\\\\\000\1\eng\\
=010  \\$a  2012036432
=020  \\$a9780451464965
=020  \\$a0451464966
=035  \\$a(OCoLC)ocn795168690
=035  \\$a(OCoLC)795168690
=040  \\$aDLC$beng$cDLC$dBTCTA$dBDX$dUPZ$dJBL$dIUK$dVHP$dUtOrBLW
=049  \\$aZPPA
=050  00$aPS3552.I7594$bW75 2013
=082  00$a813/.54$223
=100  1\$aBishop, Anne.
=245  10$aWritten in red :$ba novel of the others /$cAnne Bishop.
=260  \\$aNew York :$bRoc,$c2013.
=300  \\$a433 pages :$bmaps ;$c24 cm.
=336  \\$atext$btxt$2rdacontent
=337  \\$aunmediated$bn$2rdamedia
=338  \\$avolume$bnc$2rdacarrier
=490  1\$aA novel of the Others
=520  \\$aBlood prophet Meg Corbyn, who can see the future when her skin is cut, escapes enslavement by her Controller and teams up with a shape-shifter who employs her as a Human Liaison.
=650  \0$aCorbyn, Meg (Fictitious character)$vFiction.
=650  \0$aShapeshifting$vFiction.
=650  \0$aProphets$vFiction.
=650  \0$aVampires$vFiction.
=655  \7$aFantasy fiction.$2gsafd
=655  \7$aFantasy fiction.$2lcgft
=800  1\$aBishop, Anne.$tCourtyards of the Others ;$v1.
=914  \\$a1411882

