=LDR  03084cam  2200517 a 4500
=001  492742
=005  20170524145931.0
=008  900604s1990\\\\nyub\\\\\\\\\\000\1\eng\\
=010  \\$a   90011128 
=020  \\$a0312851405 (hbk)
=020  \\$a9780312851408 (hbk)
=020  \\$a0812509714 (pbk.)
=020  \\$a9780812509717 (pbk.)
=020  \\$a0812517725 (pbk.)
=020  \\$a9780812517729 (pbk.)
=035  \\$a(OCoLC)ocm21902708 
=035  \\$a(OCoLC)21902708$z(OCoLC)183444013$z(OCoLC)299606668$z(OCoLC)438347424
=035  \\$a739153
=040  \\$aDLC$beng$cDLC$dBAKER$dBTCTA$dYDXCP$dOCLCQ$dOCLCG$dXY4$dIDWBL$dB@L$dC#L$dOCLCQ$dORX$dPBU$dBDX$dUtOrBLW
=049  \\$aOEKA
=050  00$aPS3560.O7617$bG74 1990
=082  00$a813/.54$220
=100  1\$aJordan, Robert,$d1948-2007.
=245  14$aThe great hunt /$cRobert Jordan.
=250  \\$a1st ed.
=260  \\$aNew York :$bTom Doherty Associates,$c1990.
=300  \\$axxiv, 600 pages :$bmap ;$c24 cm.
=336  \\$atext$btxt$2rdacontent
=337  \\$aunmediated$bn$2rdamedia
=338  \\$avolume$bnc$2rdacarrier
=490  1\$aBook two of The wheel of time
=490  1\$aTor fantasy
=500  \\$a"A TOR book"--T.p. verso.
=500  \\$a"Sequel to The eye of the world."--Cover.
=505  0\$aIn the shadow -- Flame of tar valon -- Welcome -- Friends and enemies -- Summoned -- Shadow in Shienar -- Dark prophecy -- Blood calls blood -- Dragon reborn -- Leavetakings -- Hunt begins -- Glimmers of the pattern -- Woven in the pattern -- From stone to stone -- Wolfbrother -- Kinslayer -- In the mirror of darkness -- Choices -- To the white tower -- Beneath the dagger -- Saidin -- Nine rings -- Watchers -- Testing -- New friends and od enemies -- Cairhien -- Discord -- Shadow in the night -- New thread in the pattern -- Seanchan -- Daes Dae'mar -- On the scent -- Dangerous words -- message from the dark -- Wheel weaves -- Stedding tsofu -- Among the elders -- What might be -- Practice -- Flight from the white tower -- Damane -- Disagreements -- Flame -- Plan -- Five will ride forth -- Blademaster -- To come out of the shadow -- Grave is no bar to my call -- First claiming -- What was meant to be -- After.
=520  \\$aThe Wheel of Time turns and Ages come and pass. What was, what will be, and what is, may yet fall under the Shadow. For centuries, gleemen have told of The Great Hunt of the Horn. Now the Horn itself is found: the Horn of Valere long thought only legend, the Horn which will raise the dead heroes of the ages. And it is stolen.
=526  \\$aAccelerated Reader$bUG$c5.5$d40$e40$z32812
=650  \0$aRand al'Thor (Fictitious character)$vFiction.
=650  \7$aFantasy fiction.$2gsafd
=655  \7$aFantasy fiction.$2gsafd
=800  1\$aJordan, Robert,$d1948-2007.$tWheel of time ;$vbk. 2.
=830  \0$aTor fantasy.
=856  42$3Publisher description$uhttp://catdir.loc.gov/catdir/description/hol054/90011128.html
=856  42$3Contributor biographical information$uhttp://catdir.loc.gov/catdir/enhancements/fy0733/90011128-b.html
=914  \\$a1414483
=994  \\$aC0$bOEK

