=LDR  01450cam  2200409 a 4500
=001  492954
=005  20160612070607.0
=008  120711s2013\\\\nyu\\\\d\\\\\\000\1\eng\\
=010  \\$a  2012025960
=019  \\$a826913136
=020  \\$a9781455503087 (hbk.)
=020  \\$a1455503088 (hbk.)
=020  \\$a9781455503100 (pbk.)
=020  \\$a145550310X (pbk.)
=020  \\$a9781455521692
=020  \\$a1455521698
=035  \\$a(OCoLC)ocn793579290
=040  \\$aDLC$beng$cDLC$dIG#$dBTCTA$dBDX$dYDXCP$dUPZ$dVHP$dIQ2$dIEP$dOCLCO$dGO3$dUtOrBLW
=049  \\$aZPJA
=050  00$aPZ7.B14026$bFu 2013
=082  00$a[Fic]$223
=100  1\$aBaggott, Julianna.
=245  10$aFuse /$cJulianna Baggott.
=250  \\$a1st ed.
=260  \\$aNew York :$bGrand Central Pub.,$c2013.
=300  \\$a466 pages ;$c24 cm.
=336  \\$atext$btxt$2rdacontent
=337  \\$aunmediated$bn$2rdamedia
=338  \\$avolume$bnc$2rdacarrier
=490  1\$aPure trilogy ;$vbk. 2
=520  \\$aIn a post-apocalyptic world where those who dwell within the Dome are safe, and those who live outside struggle to survive, Pressia decodes secrets from the past in an effort to set the Wretches free of their fusings forever.
=526  \\$aAccelerated Reader$bUG$c4.2$d20$e20$z157599
=650  \0$aDystopias$vJuvenile fiction.
=650  \0$aScience fiction$vJuvenile literature.
=800  1\$aBaggott, Julianna.$tPure trilogy ;$vbk. 2.
=914  \\$a1414982
=994  \\$aC0$bZPJ

