=LDR  01474cam  2200373 a 4500
=001  493689
=005  20160612003231.0
=008  121102r20132012nyu\\\\\\\\\\\000\1\eng\\
=010  \\$a  2012038822
=020  \\$a9780765332349 (hbk.)
=020  \\$a0765332345 (hbk.)
=035  \\$a(OCoLC)ocn816654390
=035  \\$a(OCoLC)816654390$z(OCoLC)795010320$z(OCoLC)827269277
=040  \\$aDLC$beng$cDLC$dIG#$dYDXCP$dBTCTA$dBDX$dWIM$dIEP$dVHP$dBWX$dY#4$dUtOrBLW
=050  00$aPS3613.A5453$bB56 2013
=082  00$a813/.6$223
=100  1\$aManieri, Evie.
=245  10$aBlood's pride /$cEvie Manieri.
=250  \\$a1st U.S. ed.
=260  \\$aNew York :$bTor,$c2013.
=300  \\$aix, 516 pages ;$c25 cm.
=336  \\$atext$btxt$2rdacontent
=337  \\$aunmediated$bn$2rdamedia
=338  \\$avolume$bnc$2rdacarrier
=490  1\$aShattered Kingdoms ;$vBook 1
=500  \\$aOriginally published: Great Britain : Jo Fletcher Books, 2012.
=500  \\$a"A Tom Doherty Associates book."
=520  \\$aTwo decades after being forced into slavery by seafaring Norlander invaders, a small faction of Shadari rebels hires the infamous mercenary Mongrel to assist their uprising, unaware that her ties to the region render her a volatile ally with an agenda of her own.
=650  \0$aWarriors$vFiction.
=655  \0$aWar stories.
=655  \7$aFantasy fiction.$2lcgft
=655  \7$aAdventure fiction.$2gsafd
=800  1\$aManieri, Evie.$tShattered kingdoms ;$vbk. 1.
=914  \\$a1416320

