=LDR  00527nam  22002055a 4500
=001  494873
=005  20160612003334.0
=008  130208s2013\\\\||||\\\|||\\\||||\|||||||
=020  \\$a9780061561696$c{dollar} 7.99
=020  \\$a006156169X$c{dollar} 7.99
=035  \\$a(OCoLC)  in500996466
=040  \\$dUtOrBLW
=082  00$aFIC
=100  1\$aHobb, Robin.
=245  10$aCity of Dragons.
=260  \\$bHarper Voyager,$c20130129.
=336  \\$atext$btxt$2rdacontent
=337  \\$aunmediated$bn$2rdamedia
=338  \\$avolume$bnc$2rdacarrier
=914  \\$a1418195

