=LDR  01415cam  2200361Ia 4500
=001  495806
=005  20160612003421.0
=008  120131t20132013nyuab\\\\\\\\\000\1\eng\d
=020  \\$a9780756407070
=020  \\$a0756407079
=035  \\$a(OCoLC)ocn774913209
=035  \\$a(OCoLC)774913209$z(OCoLC)727703175
=040  \\$aTOH$cTOH$dBDX$dBTCTA$dGO9$dJJG$dWIQ$dLEB$dIZ8$dIK2$dIUK$dYDXCP$dY#4$dUtOrBLW
=082  04$a[Fic]$223
=100  1\$aCzerneda, Julie,$d1955-
=245  12$aA turn of light :$bMarrowdell /$cJulie E. Czerneda.
=246  30$aMarrowdell
=260  \\$aNew York, N.Y. :$bDaw Books, Inc.,$c[2013], {copy}2013.
=300  \\$a854 pages :$billustrations, maps ;$c23 cm.
=336  \\$atext$btxt$2rdacontent
=337  \\$aunmediated$bn$2rdamedia
=338  \\$avolume$bnc$2rdacarrier
=490  1\$aNight's edge ;$vbk. 1
=490  1\$aDawn book collector's, no. 1616
=520  \\$aIn an isolated refugee community where the magic and mortal worlds intersect, young Jenn Nalynn, an unknowing member of both worlds, accidentally transforms her dragon protector into a man before encountering hostile strangers.
=650  \0$aMagic$vFiction.
=650  \0$aDragons$vFiction.
=655  \7$aFantasy fiction.$2gsafd
=655  \7$aScience fiction.$2gsafd
=655  \7$aDystopias.$2gsafd
=830  \0$aDAW book collectors ;$vno. 1616.
=800  1\$aCzerneda, Julie,$d1955-$tNight's edge ;$vbk. 1.
=914  \\$a1419874

