=LDR  01785cam  2200445Ii 4500
=001  497149
=005  20160612003532.0
=008  130410s2013\\\\nyuaf\\\\\\\\\000\f\eng\d
=020  \\$a9780345541932
=020  \\$a0345541936
=035  \\$a(OCoLC)ocn837658962
=035  \\$a(OCoLC)837658962
=040  \\$aUPZ$beng$erda$cUPZ$dIEB$dORX$dUtOrBLW
=049  \\$aOEKA
=050  \4$aPS3612.E245$bI58 2013
=082  04$a813/.6$223
=082  04$a823/.914$223
=100  1\$aLebbon, Tim,$eauthor.
=245  10$aDawn of the Jedi.$pInto the void /$cTim Lebbon.
=246  3\$aInto the void
=246  3\$aStar wars. Dawn of the Jedi. Into the void
=250  \\$aFirst edition.
=264  \1$aNew York :$bDel Rey,$c[2013]
=300  \\$a300 pages, 16 unnumbered pages of plates :$bcolor illustrations ;$c25 cm.
=336  \\$atext$btxt$2rdacontent
=337  \\$aunmediated$bn$2rdamedia
=338  \\$avolume$bnc$2rdacarrier
=490  0\$aStar wars. Dawn of the Jedi
=500  \\$a"Lucas books."
=500  \\$aIncludes a special, full-color excerpt from the Dark Horse comic Star Wars: Dawn of the Jedi and an original Dawn of the Jedi short story by John Ostrander!
=520  \\$aA stand-alone tie-in to the successful comic book series, Star Wars: Dawn of the Jedi reveals the origins of the Jedi Order on the remote world of Tython, where ancient philosophers and scientists share their mystical knowledge of the Force while colonizing a dangerous new homeworld.
=650  \0$aLife on other planets$vFiction.
=650  \0$aGood and evil$vFiction.
=650  \0$aSpace colonies$vFiction.
=650  \0$aBrothers and sisters$vFiction.
=650  \0$aWomen soldiers$vFiction.
=655  \7$aScience fiction.$2gsafd
=655  \0$aStar wars fiction.
=914  \\$a1422047
=994  \\$aC0$bOEK

