=LDR  01524cam  2200385 a 4500
=001  497780
=005  20160612070910.0
=008  121219s2013\\\\nyu\\\\\\\\\\\000\1\eng\\
=010  \\$a  2012043815
=019  \\$a812068563
=020  \\$a9780765329059 (hbk.)
=020  \\$a0765329050 (hbk.)
=035  \\$a(OCoLC)ocn822559875
=040  \\$aDLC$beng$cDLC$dIG#$dOCLCO$dYDXCP$dBTCTA$dBDX$dUPZ$dIEB$dIUK$dIEP$dJP3$dRNC$dLF3$dIJ5$dOCLCQ$dBWX$dUtOrBLW
=049  \\$aZPJA
=050  00$aPS3553.A655$bE35 2013
=082  00$a813/.54$223
=100  1\$aCard, Orson Scott.
=245  10$aEarth afire :$bthe First Formic War /$cOrson Scott Card and Aaron Johnston.
=250  \\$a1st ed.
=260  \\$aNew York :$bTor,$c2013.
=300  \\$a399 pages ;$c25 cm.
=336  \\$atext$btxt$2rdacontent
=337  \\$aunmediated$bn$2rdamedia
=338  \\$avolume$bnc$2rdacarrier
=490  1\$aFormic Wars ;$vv. 2
=500  \\$a"A Tom Doherty Associates book."
=520  \\$aTraces the events of the First Formic War a century before the events of Ender's Game, following the unsuccessful attempt of Victor Delgado to warn skeptical Earth governments of an imminent alien invasion and the efforts of Mazer Rackham and the Mobile Operations Police to meet unprecedented threats.
=526  \\$aAccelerated Reader$bUG$c5.2$d22$e22$z167353
=650  \0$aSpace warfare$vFiction.
=655  \7$aScience fiction.$2lcgft
=700  1\$aJohnston, Aaron.
=800  1\$aCard, Orson Scott.$tFormic Wars ;$vv. 2.
=914  \\$a1423274
=994  \\$aC0$bZPJ

