=LDR  01720cam  22004578i 4500
=001  498509
=005  20160612003647.0
=008  130318s2013\\\\nyub\\\\\\\\\\000\f\eng\\
=010  \\$a  2013001870
=020  \\$a9781451638745 (hc)
=020  \\$a1451638744 (hc)
=035  \\$a(OCoLC)ocn830667725
=040  \\$aDLC$beng$erda$cDLC$dWIM$dUPZ$dIEB$dUtOrBLW
=049  \\$aZPJA
=050  00$aPS3562.A246$bB86 2013
=082  00$a813/.54$223
=100  1\$aLackey, Mercedes.
=245  10$aBurdens of the dead /$cMercedes Lackey, Eric Flint, Dave Freer.
=263  \\$a1306
=264  \1$aRiverdale, NY :$bBaen,$c[2013]
=300  \\$a438 pages :$bmaps ;$c25 cm.
=336  \\$atext$btxt$2rdacontent
=337  \\$aunmediated$bn$2rdamedia
=338  \\$avolume$bnc$2rdacarrier
=490  1\$aHeirs of Alexandria series
=500  \\$a"A Baen Books Original"--T.p. verso.
=500  \\$a"Distributed by Simon & Schuster"--T.p. verso.
=520  \\$aA Venetian siege on alternate-universe Constantinople finds Italian captain Benito Valdosta battling a magical manifestation of Hekate in order to save his daughter and destroy the fleets of the Chernobog, an effort that is complicated by Aidonus's resolve to claim the woman Benito loves.
=650  \0$aImaginary wars and battles$vFiction.
=650  \0$aCivil war$vFiction.
=650  \0$aGod$vFiction.
=650  \0$aGoddesses$vFiction.
=650  \0$aKnights and knighthood$vFiction.
=650  \0$aGood and evil$vFiction.
=655  \7$aOccult fiction.$2gsafd
=655  \7$aAlternative histories (Fiction)$2gsafd
=700  1\$aFlint, Eric.
=700  1\$aFreer, Dave.
=800  1\$aLackey, Mercedes.$tHeirs of Alexandria series.
=914  \\$a1424740
=994  \\$aC0$bZPJ

