=LDR  01675cam  22004578i 4500
=001  500064
=005  20160612003809.0
=008  130307s2013\\\\nyuab\\\\\\\\\000\1\eng\\
=010  \\$a  2013001752
=020  \\$a9780345523532 (hardcover : acid-free paper)
=020  \\$a0345523539 (hardcover : acid-free paper)
=035  \\$a(OCoLC)ocn829445799
=035  \\$a(OCoLC)829445799
=040  \\$aDLC$beng$erda$cDLC$dOCLCO$dOCLCQ$dUPZ$dMLY$dIEP$dUtOrBLW
=042  \\$apcc
=049  \\$aZPPA
=050  \0$aPS3552.R6596$bW58 2013
=082  00$a813/.54$223
=100  1\$aBrooks, Terry.
=245  10$aWitch wraith /$cTerry Brooks.
=250  \\$aFirst edition.
=263  \\$a1307
=264  \1$aNew York :$bDel Rey Ballantine Books,$c2013.
=300  \\$a415 pages :$bcolor illustration, color map ;$c25 cm.
=336  \\$atext$btxt$2rdacontent
=337  \\$aunmediated$bn$2rdamedia
=338  \\$avolume$bnc$2rdacarrier
=490  1\$aThe dark legacy of Shannara
=500  \\$aIncludes fold-out illustration/map.
=500  \\$aSequel to: Bloodfire quest.
=520  \\$aA conclusion to the trilogy finds the world's enduring heroes mustering the end of their courage when the magical barrier imprisoning dangerous creatures erodes, unleashing generations of vengeful prisoners on the land.
=650  \0$aShannara (Imaginary place)$vFiction.
=650  \0$aQuests (Expeditions)$vFiction.
=650  \0$aGood and evil$vFiction.
=650  \0$aHeroes$vFiction.
=650  \0$aDruids and druidism$vFiction.
=650  \0$aElves$vFiction.
=655  \7$aFantasy fiction.$2gsafd
=800  1\$aBrooks, Terry.$tDark legacy of Shannara;$v3.
=914  \\$a1427196
=994  \\$aC0$bZPP

