=LDR  02558cam  22005058i 4500
=001  501612
=005  20160612003930.0
=008  130328s2013\\\\nyu\\\\\\\\\\\000\1\eng\\
=010  \\$a  2013009030
=020  \\$a9780062116857
=020  \\$a0062116851
=029  1\$aNZ1$b14797518
=035  \\$a(OCoLC)ocn758391922
=035  \\$a(OCoLC)758391922
=040  \\$aDLC$beng$erda$cDLC$dBTCTA$dBDX$dFN4$dUPZ$dOCLCO$dYDXCP$dIEB$dFOLLT$dE9G$dUtOrBLW
=042  \\$apcc
=049  \\$aE9GA
=050  00$aPS3558.O33636$bB56 2013
=082  00$a813/.54$223
=100  1\$aHobb, Robin,$eauthor.
=245  10$aBlood of dragons /$cRobin Hobb.
=250  \\$aFirst edition.
=263  \\$a1304
=264  \1$aNew York, NY :$bHarper Voyager,$c[2013]
=300  \\$axvi, 425 pages ;$c24 cm.
=336  \\$atext$btxt$2rdacontent
=337  \\$aunmediated$bn$2rdamedia
=338  \\$avolume$bnc$2rdacarrier
=490  1\$aRain Wilds chronicles ;$vvolume four
=520  \\$aThe Tarman expedition has at last found Kelsingra, a city filled with ancient treasures. Here, the dragons and their Elderling keepers may discover their full potential, but only if the magic of Kelsingra can be unlocked. Already rumours of the city have floated down the Rain Wild River. Adventurers, pirates and fortune hunters will soon be coming to pillage what they can. Among them, Hest Finbok, determined to claim back his errant wife, Alise. Meanwhile, Selden Vestrit finds himself a prisoner of the ailing Duke of Chalced, who believes him to be some sort of dragon-man whose flesh and blood may work miracle cures. Soon Tintaglia's singer will be sacrificed to keep this vile old tyrant alive. Where is Tintaglia, the greatest of all dragons, when there is such need of her? Attacked, dying of a poisoned wound, can she survive? She holds the memories that will unlock the mysteries of Kelsingra, and the power to defend it, and her own. Without her, all may be lost.
=650  \0$aDragons$vFiction.
=650  \0$aImaginary places$vFiction.
=650  \0$aQuests (Expeditions)$vFiction.
=650  \0$aVoyages and travels$vFiction.
=650  \0$aHuman-animal relationships$vFiction.
=650  \0$aMagic$vFiction.
=650  \0$aAnimals, Mythical$vFiction.
=655  \7$aFantasy fiction.$2gsafd
=655  \7$aScience fiction.$2gsafd
=800  1\$aHobb, Robin.$tRain Wilds chronicles ;$vv. 4.
=914  \\$a1429961
=938  \\$aBaker and Taylor$bBTCP$nBK0010258724
=938  \\$aBrodart$bBROD$n13767798$c{dollar}27.99
=938  \\$aYBP Library Services$bYANK$n8585340
=994  \\$aC0$bE9G

