=LDR  01703cam  2200397Ii 4500
=001  503454
=005  20160612004106.0
=008  130730s2013\\\\waub\\\\\\\\\\000\1\eng\\
=010  \\$a  2013021910
=020  \\$a9780786963713 (hardback)
=020  \\$a0786963719 (hardback)
=035  \\$a(OCoLC)ocn854667530
=035  \\$a(OCoLC)854667530
=040  \\$aVTL$cVTL$dVTL$dOCLCO$dUtOrBLW
=049  \\$aZPPA
=050  00$aPS3569.A462345$bC66 2013
=082  00$a813/.54$223
=100  1\$aSalvatore, R. A.,$d1959-
=245  14$aThe companions /$cR.A. Salvatore.
=264  \1$aRenton, WA :$bWizards of the Coast,$c[2013]
=300  \\$a378 pages :$bmap ;$c25 cm.
=336  \\$atext$btxt$2rdacontent
=337  \\$aunmediated$bn$2rdamedia
=338  \\$avolume$bnc$2rdacarrier
=490  1\$aThe sundering ;$vbook 1
=500  \\$a"Forgotten realms."
=500  \\$a"Dungeons & dragons"--Cover.
=520  \\$a"This latest installment in New York Times best-selling author R.A. Salvatore's beloved fantasy saga, The Companions moves Salvatore's signature hero Drizzt into a new era of the Forgotten Realms. As Drizzt's fate hangs in the balance, he reflects on the lives of the trusted allies who stood by his side throughout his early life--the friends now known as the Companions of the Hall. Meanwhile, the first stirrings of the Sundering begin"--$cProvided by publisher.
=650  \0$aDrizzt Do'Urden (Fictitious character)$vFiction.
=650  \0$aWizards$vFiction.
=650  \0$aMagic$vFiction.
=650  \0$aElves$vFiction.
=655  \7$aFantasy fiction.$2gsafd
=800  1\$aSalvatore, R. A.,$d1959-$tSundering ;$v1.
=800  1\$aCarey, Jacqueline,$d1964-$tSundering ;$vbook 1.
=914  \\$a1433097

