=LDR  02359cam  2200445 i 4500
=001  503482
=005  20170108014640.0
=008  130618s2013\\\\nyu\\\\\\\\\\\000\1\eng\\
=010  \\$a  2013021461
=020  \\$a9780765335999 (hbk.)
=020  \\$a0765335999 (hbk.)
=020  \\$a0765336235
=020  \\$a9780765336231
=035  \\$a(OCoLC)ocn828246093
=035  \\$a(OCoLC)828246093$z(OCoLC)828246094
=040  \\$aDLC$beng$erda$cDLC$dIG#$dYDXCP$dBTCTA$dOCLCO$dUPZ$dZPP$dUtOrBLW
=049  \\$aZPPA
=050  00$aPS3557.O5826$bT48 2013
=082  00$a813/.54$223
=084  \\$aFIC009020$2bisacsh
=100  1\$aGoodkind, Terry.
=245  14$aThe third kingdom /$cTerry Goodkind.
=250  \\$aFirst edition.
=264  \1$aNew York :$bTor, A Tom Doherty Associates Book,$c2013.
=300  \\$a527 pages ;$c25 cm
=336  \\$atext$btxt$2rdacontent
=337  \\$aunmediated$bn$2rdamedia
=338  \\$avolume$bnc$2rdacarrier
=520  \\$a"The bloodthirsty Jit is dead, and against all odds Richard and Kahlan have survived. But a new menace has attacked them in the Dark Lands. Infected with the essence of death itself, robbed of his power as a war wizard, Richard must race against time to uncover and stop the infernal conspiracy assembling itself behind the wall far to the north. His friends and allies are already captives of this fell combination, and Kahlan, also touched by death's power, will die completely if Richard fails. Bereft of magic, Richard has only his sword, his wits, his capacity for insight -- and an extraordinary companion, the young Samantha, a healer just coming into her powers. Compelling, fast-moving, and intense, The Third Kingdom is a powerful tale that welcomes new readers to Terry Goodkind's world, while opening up new vistas of worldbuilding for longtime readers of the adventures of Richard Rahl and Kahlan Amnell"--$cProvided by publisher.
=650  \0$aWizards$vFiction.
=650  \0$aMagic$vFiction.
=655  \7$aFantasy fiction.$2gsafd
=655  \7$aEpic fiction.$2gsafd
=856  42$3Cover image$uhttp://www.netread.com/jcusers2/bk1388/999/9780765335999/image/lgcover.9780765335999.jpg
=914  \\$a1433125
=994  \\$aC0$bZPP
=019  \\$a828246094
=938  \\$aIngram$bINGR$n9780765335999
=938  \\$aYBP Library Services$bYANK$n10198193
=938  \\$aBaker and Taylor$bBTCP$nBK0012847378

