=LDR  01519cam  2200361Ia 4500
=001  504718
=005  20160612004211.0
=008  120528s2013\\\\enkb\\\\\\\\\\000\f\eng\d
=020  \\$a9780857687623 (pbk.)
=020  \\$a085768762X (pbk.)
=035  \\$a(OCoLC)ocn794815270
=035  \\$a(OCoLC)794815270$z(OCoLC)826454424
=040  \\$aUKMGB$beng$cUKMGB$dORK$dTOH$dBDX$dYDXCP$dWIQ$dOPW$dMR0$dUtOrBLW
=049  \\$aOEKA
=082  04$a823.92$223
=100  1\$aWare, Danie.
=245  10$aEcko rising /$cDanie Ware.
=250  \\$a1st US ed.
=260  \\$aLondon :$bTitan,$c2013.
=300  \\$a524 pages :$bmap ;$c21 cm.
=336  \\$atext$btxt$2rdacontent
=337  \\$aunmediated$bn$2rdamedia
=338  \\$avolume$bnc$2rdacarrier
=490  1\$aEcko ;$v[bk. 1]
=520  \\$aIn a futuristic London where technological body modification is the norm, Ecko stands alone as a testament to the extreme capabilities of his society. Driven half mad by the systems running his body, Ecko is a criminal for hire. No job is too dangerous or insane. When a mission goes wrong and Ecko finds himself catapulted across dimensions into a peaceful and unadvanced society living in fear of 'magic', he must confront his own percepions of reality and his place within it.
=650  \0$aHuman body$vFiction.
=650  \0$aSpace and time$vFiction.
=650  \0$aTechnology$vFiction.
=655  \7$aScience fiction.$2gsafd
=655  \7$aFantasy fiction.$2gsafd
=800  1\$aWare, Danie.$tEcko.
=914  \\$a1435119
=994  \\$aC0$bOEK

