=LDR  01376cam  2200385Ii 4500
=001  505508
=005  20160612004252.0
=008  130625s2013\\\\nyu\\\\\\\\\\\000\1\eng\d
=019  \\$a825046419$a825733366$a826809617
=020  \\$a9780345546838
=020  \\$a0345546830
=035  \\$a(OCoLC)ocn850531620
=040  \\$aUPZ$beng$erda$cUPZ$dYDXCP$dFN4$dIEB$dMR0$dBTCTA$dBDX$dUtOrBLW
=049  \\$aZPJA
=050  \4$aPS3613.I53857$bK44 2013
=082  04$a813/.6$223
=100  1\$aMiller, John Jackson,$eauthor.
=245  10$aKenobi /$cJohn Jackson Miller.
=246  3\$aStar wars.$pKenobi
=250  \\$aFirst edition.
=264  \1$aNew York :$bDel Rey,$c[2013]
=300  \\$a380 pages ;$c25 cm
=336  \\$atext$btxt$2rdacontent
=337  \\$aunmediated$bn$2rdamedia
=338  \\$avolume$bnc$2rdacarrier
=500  \\$aAt head of title: Star wars.
=500  \\$a"Lucas Books."
=520  \\$aAs tensions escalate on Tatooine between the farmers and a tribe of Sand People led by a ruthless war chief, Ben finds himself drawn into the fight, endangering the very mission that brought him to the desert planet.
=650  \0$aKenobi, Obi-Wan (Fictitious character)$vFiction.
=650  \0$aLife on other planets$vFiction.
=650  \0$aGood and evil$vFiction.
=655  \7$aScience fiction.$2gsafd
=655  \0$aStar wars fiction.
=914  \\$a1436376
=994  \\$aC0$bZPJ

