=LDR  01480cam  2200289Ia 4500
=001  506454
=005  20160612004342.0
=008  121018s2013\\\\cau\\\\\\\\\\\000\f\eng\d
=020  \\$a159780472X
=020  \\$a9781597804721
=035  \\$a(OCoLC)ocn813394093
=040  \\$aYDXCP$cYDXCP$dBTCTA$dBDX$dOCLCQ$dWIM$dWIQ$dIH7$dDAD$dZPJ$dUtOrBLW
=049  \\$aZPJA
=050  \4$aPS3613.A78644$bD34 2013
=082  04$a813/.6$223
=100  1\$aMartinez, Michael J.
=245  14$aThe Daedalus incident /$cMichael J. Martinez.
=260  \\$aSan Francisco :$bNight Shade Books,$c2013.
=300  \\$a388 pages ;$c23 cm
=336  \\$atext$btxt$2rdacontent
=337  \\$aunmediated$bn$2rdamedia
=338  \\$avolume$bnc$2rdacarrier
=520  \\$aFreak quakes are rumbling over the long-dormant tectonic plates of the planet, disrupting its trillion-dollar mining operations and driving scientists past the edges of theory and reason. However, when rocks shake off their ancient dust and begin to roll seemingly of their own volition carving canals as they converge to form a towering structure amid the ruddy terrain, Lt. Jain and her JSC team realize that their realize that their routine geological survey of a Martian cave system is anything but. The only clues they have stem from the emissions of a mysterious blue radiation, and a 300-year-old journal that is writing itself.
=651  \0$aMars (Planet)$vFiction.
=655  \7$aScience fiction.$2gsafd
=914  \\$a1438010
=994  \\$aC0$bZPJ

