=LDR  01643cam  22003738i 4500
=001  506708
=005  20160612004356.0
=008  130416s2013\\\\tnuab\\\\\\\\\000\1\eng\\
=010  \\$a  2013009866
=020  \\$a9781595548078 (hardcover)
=020  \\$a1595548076 (hardcover)
=035  \\$a(OCoLC)ocn828488766
=040  \\$aDLC$beng$erda$cDLC$dBTCTA$dYDXCP$dBDX$dOCLCQ$dOI6$dIEB$dJBO$dOCLCO$dUtOrBLW
=049  \\$aZPJA
=050  00$aPS3562.A865$bS53 2013
=082  00$a813/.54$223
=100  1\$aLawhead, Stephen R.,$d1950-
=245  14$aThe shadow lamp /$cStephen R. Lawhead.
=263  \\$a1309
=264  \1$aNashville :$bThomas Nelson,$c[2013]
=300  \\$axi, 388 pages :$billustration, map ;$c25 cm.
=336  \\$atext$btxt$2rdacontent
=336  \\$astill image$bsti$2rdacontent
=336  \\$acartographic image$bcri$2rdacontent
=337  \\$aunmediated$bn$2rdamedia
=338  \\$avolume$bnc$2rdacarrier
=490  1\$aBright Empires novel ;$vquest the fourth
=520  \\$a"Kit, Mina, Gianni, Cass, Haven, and Giles have gathered in Mina's 16th-century coffee house and are united in their determination to find a path back to the Spirit Well. Yet, with their shadow lamps destroyed and key pieces of the map still missing, the journey will be far more difficult than they imagine. And when one of their own disappears with Sir Henry's cryptic Green Book, they no longer know who to trust"--Jacket.
=650  \0$aSpace and time$vFiction.
=655  \7$aScience fiction.$2gsafd
=655  \7$aFantasy fiction.$2gsafd
=800  1\$aLawhead, Stephen R.,$d1950-$tBright Empires novel ;$vbk. 4.
=914  \\$a1438461
=994  \\$aC0$bZPJ

