=LDR  01312cam  2200361 i 4500
=001  506709
=005  20160612004356.0
=008  130319s2013\\\\nyu\\\\\\\\\\\000\1\eng\\
=010  \\$a  2013004665
=019  \\$a834439115
=020  \\$a9780316098076 (hbk.) :$c{dollar}27.00
=020  \\$a0316098078 (hbk.) :$c{dollar}27.00
=035  \\$a(OCoLC)ocn830680661
=040  \\$aDLC$beng$erda$cDLC$dIG#$dOCLCO$dYDXCP$dUPZ$dIEB$dBTCTA$dBDX$dLAP$dJP3$dZPJ$dUtOrBLW
=049  \\$aZPJA
=050  00$aPS3568.O2893$bS53 2013
=082  00$a813/.54$223
=100  1\$aRobinson, Kim Stanley.
=245  10$aShaman /$cKim Stanley Robinson.
=250  \\$aFirst edition.
=264  \1$aNew York, NY :$bOrbit,$c2013.
=300  \\$a456 pages ;$c25 cm
=336  \\$atext$btxt$2rdacontent
=337  \\$aunmediated$bn$2rdamedia
=338  \\$avolume$bnc$2rdacarrier
=520  \\$aA saga of life thirty thousand years ago during the Ice Age depicts the lives of the shaman Thorn, an outsider named Elga, and Loon, the next shaman, who is struggling to find his own path in a treacherous and uncertain world.
=650  \0$aPrehistoric peoples$vFiction.
=655  \7$aScience fiction.$2lcgft
=655  \7$aHistorical fiction.$2gsafd
=655  \7$aBildungsromans.$2gsafd
=655  \7$aScience fiction.$2gsafd
=914  \\$a1438462
=994  \\$aC0$bZPJ

