=LDR  01609cam  2200457Ki 4500
=001  507275
=005  20160612004427.0
=008  130904s2013\\\\nyu\\\\\\\\\\\000\1\eng\d
=019  \\$a858810347
=020  \\$a9780756409449
=020  \\$a0756409446
=035  \\$a(OCoLC)ocn857596110
=035  \\$a(OCoLC)857596110$z(OCoLC)858810347
=040  \\$aUPZ$beng$erda$cUPZ$dIEB$dOI6$dUtOrBLW
=049  \\$aZFRA
=050  \4$aPS3562.A246$bB38 2013
=082  04$a813/.54$223
=100  1\$aLackey, Mercedes,$eauthor.
=245  10$aBastion /$cMercedes Lackey.
=264  \1$aNew York, NY :$bDAW Books, Inc.,$c[2013]
=264  \1$c{copy}2013.
=300  \\$a342 pages ;$c24 cm.
=336  \\$atext$btxt$2rdacontent
=337  \\$aunmediated$bn$2rdamedia
=338  \\$avolume$bnc$2rdacarrier
=490  1\$aCollegium chronicles ;$vbook five
=490  1\$aNovel of Valdemar
=490  1\$aDAW book collectors ;$vno. 1632
=520  \\$aMags travels to the Bastion in search of who his parents were and a possible explanation about why he is being pursued by Valdemar's enemies in the fifth and final volume of the series following Redoubt.
=650  \0$aValdemar (Imaginary place)$vFiction.
=650  \0$aApprentices$vFiction.
=650  \0$aOrphans$vFiction.
=650  \0$aIdentity (Psychology)$vFiction.
=650  \0$aMagic$vFiction.
=650  \0$aTelepathy$vFiction.
=655  \7$aFantasy fiction.$2gsafd
=800  1\$aLackey, Mercedes.$tCollegium chronicles ;$vbook 5.
=800  1\$aLackey, Mercedes.$tNovel of Valdemar.
=830  \0$aDAW book collectors ;$vno. 1632.
=914  \\$a1439435
=994  \\$aC0$bZFR

