=LDR  01667cam  2200337Ia 4500
=001  509370
=005  20170108014644.0
=008  130403r20132012nyu\\\\\\\\\\\000\0\eng\d
=020  \\$a0062068687
=020  \\$a9780062068682 (pbk.)
=035  \\$a(OCoLC)ocn835374436
=035  \\$a(OCoLC)835374436
=040  \\$aYDXCP$cYDXCP$dBDX$dT7L$dTDS$dOCLCO$dUtOrBLW
=049  \\$aOEKA
=100  1\$aPratchett, Terry.
=245  14$aThe long Earth /$cTerry Prachett, Stephen Baxter.
=260  \\$aNew York :$bHarper Collins,$c2013, {copy}2012.
=300  \\$a418 pages ;$c19 cm
=336  \\$atext$btxt$2rdacontent
=337  \\$aunmediated$bn$2rdamedia
=338  \\$avolume$bnc$2rdacarrier
=520  \\$a1916: The Western Front. Private Percy Blakeney wakes up. He is lying on fresh spring grass. He can hear birdsong and the wind in the leaves. Where have the mud, blood, and blasted landscape of no-man's-land gone? For that matter, where has Percy gone? 2015: Madison, Wisconsin. Police officer Monica Jansson is exploring the burned-out home of a reclusive--some say mad, others allege dangerous--scientist who seems to have vanished. Sifting through the wreckage, Jansson finds a curious gadget: a box containing some rudimentary wiring, a three-way switch, and... a potato. It is the prototype of an invention that will change the way humankind views the world forever.
=650  \0$aRecluses$vFiction.
=650  \0$aSpace and time$vFiction.
=650  \0$aTime travel$vFiction.
=651  \0$aMadison (Wis.)$vFiction.
=655  \7$aScience fiction.$2gsafd
=700  1\$aBaxter, Stephen.
=800  1\$aPratchett, Terry.$tLong Earth ;$v1.
=914  \\$a1442934
=994  \\$aC0$bOEK

