=LDR  01640cim  2200409Ia 4500
=001  514002
=005  20160612071850.0
=007  ss\lunjlc||||u
=008  990202s1998\\\\caunnnn\\\\\\\\f\\n\eng\d
=020  \\$a0787118125
=020  \\$a9780787118129
=035  \\$a(OCoLC)ocm40721472 
=035  \\$a(OCoLC)40721472
=040  \\$aCLE$beng$cCLE$dOCL$dBAKER$dBTCTA$dUBY$dOCLCQ$dUtOrBLW
=049  \\$aMAIN
=050  14$aPZ4.C178$bR43 1998
=100  1\$aCard, Orson Scott.
=245  10$aRed prophet /$cauthor, Orson Scott Card ; performer, Nana Visitor.
=260  \\$aLos Angeles, CA :$bProduced and distributed by NewStar Pub.,$c[1998], {copy}1998.
=300  \\$a4 audiocassettes (approximately 6 hr.) :$banalog, digitally mastered, Dolby system.
=336  \\$aspoken word$bspw$2rdacontent
=337  \\$aaudio$bs$2rdamedia
=338  \\$aaudiocassette$bss$2rdacarrier
=490  1\$aThe tales of Alvin Maker ;$vv. 2
=500  \\$aAbridged.
=511  0\$aRead by Nana Visitor.
=520  \\$aAlvin Maker has discovered his own unique talent for making things whole again. Now he summons all his powers to prevent the tragic war between Native Americans and the white settlers of North America.
=521  8\$a930L$bLexile
=526  \\$aAccelerated Reader$bUG$c5.7$d17$e17$z32829
=600  \0$aMaker, Alvin$vFiction.
=655  \7$aFantasy fiction.$2gsafd
=700  1\$aVisitor, Nana.
=800  1\$aCard, Orson Scott.$tTales of Alvin Maker (Sound recording) ;$vv. 2.
=914  \\$a1451047
=938  \\$aBaker & Taylor$bBKTY$c25.00$d18.75$i0787118125$n0003196047$sactive
=938  \\$aBaker and Taylor$bBTCP$nbl 98012735
=994  \\$aC0$bEMMET

