=LDR  01457cam  2200373Ii 4500
=001  516835
=005  20140129120748.0
=008  131211s2014\\\\nyu\\\\\\\\\\\000\1\eng\d
=020  \\$a9780345509031
=020  \\$a034550903X
=035  \\$a(OCoLC)ocn865019319
=035  \\$a(OCoLC)865019319
=040  \\$aUPZ$beng$erda$cUPZ$dIEP$dOCLCO$dYDXCP$dIH7
=049  \\$aOEKA
=050  \4$aPS3619.C4635$bS737 2014
=082  04$a813/.6$223
=100  1\$aSchreiber, Joe,$d1969-$eauthor.
=245  10$aStar wars :$bMaul lockdown /$cJoe Schreiber.
=246  30$aMaul lockdown
=250  \\$aFirst edition.
=264  \1$aNew York :$bDel Rey,$c[2014]
=300  \\$a344 pages ;$c25 cm
=336  \\$atext$btxt$2rdacontent
=337  \\$aunmediated$bn$2rdamedia
=338  \\$avolume$bnc$2rdacarrier
=500  \\$a"Lucas Books."
=520  \\$aTo fulfill his do-or-die mission for the dark masters he serves, the dreaded Darth Maul must take on a bloodthirsty prison warden, a cannibal gang, cutthroat crime lord Jabba the Hutt, and an unspeakable alien horror in order to capture the ultimate weapon: an object that will enable the Sith to conquer the galaxy. Set before the events of Star Wars: Episode I, The Phantom Menace.
=650  \0$aMaul, Darth (Fictitious character)$vFiction.
=650  \0$aPrisons$vFiction.
=650  \0$aWeapons$vFiction.
=655  \7$aStar wars fiction.$2gsafd
=655  \7$aScience fiction.$2gsafd
=914  \\$a1455912
=994  \\$aC0$bOEK

