=LDR  01457cam  2200373Ki 4500
=001  519274
=005  20170108014650.0
=008  140103s2014\\\\nyuab\\\\\\\\\000\1\eng\d
=020  \\$a9780765326362
=020  \\$a0765326361
=035  \\$a(OCoLC)ocn867184929
=035  \\$a(OCoLC)867184929
=040  \\$aUPZ$beng$erda$cUPZ$dIEB$dYDXCP$dUtOrBLW
=049  \\$aZPPA
=050  \4$aPS3619.A533$bW67 2014
=082  04$a813/.6$223
=100  1\$aSanderson, Brandon,$eauthor.
=245  10$aWords of radiance /$cBrandon Sanderson.
=250  \\$aFirst edition.
=264  \1$aNew York :$bTor,$c2014.
=300  \\$a1,087 pages :$billustrations, map ;$c25 cm.
=336  \\$atext$btxt$2rdacontent
=337  \\$aunmediated$bn$2rdamedia
=338  \\$avolume$bnc$2rdacarrier
=490  1\$aThe stormlight archive ;$vbook two
=500  \\$a"A Tom Doherty Associates book."
=500  \\$aSequel to: The way of kings.
=520  \\$aThe war with the Parshendi moves into a new, dangerous phase, as Dalinar leads the human armies deep into the heart of the Shattered Plains. Meanwhile Shallan searches for the legendary city of Urithuru, and Kaladin, leader of the restored Knights Radiant, masters the powers of a Windrunner.
=650  \0$aImaginary wars and battles$vFiction.
=655  \7$aFantasy fiction.$2gsafd
=800  1\$aSanderson, Brandon.$tStormlight archive ;$vbk. 2.
=914  \\$a1459711
=994  \\$aC0$bZPP
=938  \\$aYBP Library Services$bYANK$n9999765

