=LDR  02545cam  2200433 i 4500
=001  521543
=005  20170108014652.0
=008  130619s2014\\\\nyu\\\\\\\\\\\000\1\eng\\
=010  \\$a  2013020634
=020  \\$a9780345539786 (acid-free paper)
=020  \\$a0345539788 (acid-free paper)
=020  \\$a9780345539809 (pbk.)
=020  \\$a034553980X (pbk.)
=035  \\$a(OCoLC)ocn846544610
=035  \\$a(OCoLC)846544610$z(OCoLC)846551874
=040  \\$aDLC$beng$erda$cDLC$dIG#$dBTCTA$dBDX$dYDXCP$dGK8$dUPZ$dOCLCF$dIEP$dOCP$dABG$dVP@$dORK$dCHVBK$dUtOrBLW
=042  \\$apcc
=049  \\$aZFRA
=050  00$aPS3602.R7226$bR43 2014
=082  00$a813/.6$223
=100  1\$aBrown, Pierce,$d1988-
=245  10$aRed rising /$cPierce Brown.
=250  \\$aFirst edition.
=264  \1$aNew York :$bDel Rey,$c[2014]
=300  \\$a382 pages ;$c25 cm
=336  \\$atext$btxt$2rdacontent
=337  \\$aunmediated$bn$2rdamedia
=338  \\$avolume$bnc$2rdacarrier
=520  \\$aDarrow is a Red, a member of the lowest caste in the color-coded society of the future. Like his fellow Reds, he works all day, believing that he and his people are making the surface of Mars livable for future generations. Yet he spends his life willingly, knowing that his blood and sweat will one day result in a better world for his children. But Darrow and his kind have been betrayed. Soon he discovers that humanity reached the surface generations ago. Vast cities and sprawling parks spread across the planet. Darrow and Reds like him, are nothing more than slaves to a decadent ruling class. Inspired by a longing for justice, and driven by the memory of lost love, Darrow sacrifices everything to infiltrate the legendary Institute, a proving ground for the dominant Gold caste, where the next generation of humanity's overlords struggle for power. He will be forced to compete for his life and the very future of civilization against the best and most brutal of Society's ruling class. There, he will stop at nothing to bring down his enemies . . . even if it means he has to become one of them to do so.
=521  8\$aHL630L$bLexile
=526  \\$aAccelerated Reader$bUG$c4.6$d18$e18$z169169
=650  \0$aDarrow (Fictitious character)$vFiction.
=650  \0$aGovernment, Resistance to$vFiction.
=650  \7$aRoman.$0(DE-588)4050479-7$2gnd
=650  \7$aAmerikanisches Englisch.$0(DE-588)4094804-3$2gnd
=655  \7$aDystopias.$2gsafd
=655  \7$aScience fiction.$2gsafd
=800  1\$aBrown, Pierce,$d1988-$tRed Rising trilogy;$v1.
=914  \\$a1463575

