=LDR  02787cam  2200493 i 4500
=001  521547
=005  20170108014652.0
=008  140620t20142011nyub\\\\\\\\\\000\1\eng\c
=010  \\$a  2013362514
=020  \\$a9780804139021$q(hardback)
=020  \\$a0804139024$q(hardback)
=020  \\$a9780553418026$q(softcover)
=020  \\$a0553418025$q(softcover)
=020  \\$z9780804139038$q(eBook)
=020  \\$a9780091956448$q(paperback)
=020  \\$a0091956447$q(paperback)
=035  \\$a(OCoLC)ocn846889319
=035  \\$a(OCoLC)846889319$z(OCoLC)869807121$z(OCoLC)870981240$z(OCoLC)873076279$z(OCoLC)875543623$z(OCoLC)880954065$z(OCoLC)923739391
=040  \\$aYDXCP$beng$erda$cYDXCP$dDLC$dBTCTA$dBDX$dWIM$dFLWMD$dUPZ$dEGM$dTZI$dLF3$dZS3$dZHB$dLMR$dUBY$dIXA$dPLF$dZCU$dTWTCL$dCDX$dSTF$dOCLCF$dNDS$dCOO$dCNEDM$dTXBXL$dKK2$dCHVBK$dAU@$dCUY$dOVY$dOCLCO$dCLU$dKEC$dY#4$dUtOrBLW
=042  \\$apcc
=043  \\$azma----
=050  00$aPS3623.E446$bM37 2014
=082  00$a813/.6$223
=100  1\$aWeir, Andy,$eauthor.
=245  14$aThe Martian :$ba novel /$cAndy Weir.
=250  \\$aFirst edition.
=264  \1$aNew York :$bCrown Publishers,$c[2014]
=264  \4$c{copy}2011
=300  \\$a369 pages :$bmap ;$c24 cm
=336  \\$atext$btxt$2rdacontent
=337  \\$aunmediated$bn$2rdamedia
=338  \\$avolume$bnc$2rdacarrier
=500  \\$a"Originally self-published, in a different form, as an ebook in 2011"--Title page verso.
=520  \\$a"Six days ago, astronaut Mark Watney became one of the first people to walk on Mars. Now, he's sure he'll be the first person to die there. After a dust storm nearly kills him and forces his crew to evacuate while thinking him dead, Mark finds himself stranded and completely alone with no way to even signal Earth that he's alive--and even if he could get word out, his supplies would be gone long before a rescue could arrive. Chances are, though, he won't have time to starve to death. The damaged machinery, unforgiving environment, or plain-old 'human error' are much more likely to kill him first. But Mark isn't ready to give up yet. Drawing on his ingenuity, his engineering skills--and a relentless, dogged refusal to quit--he steadfastly confronts one seemingly insurmountable obstacle after the next. Will his resourcefulness be enough to overcome the impossible odds against him?" --$cFrom publisher's web site.
=521  8\$aHL680L$bLexile
=526  \\$aAccelerated Reader$bUG$c5.4$d16$e16$z174189
=650  \0$aAstronauts$vFiction.
=650  \0$aSurvival$vFiction.
=650  \7$aScience-Fiction.$0(DE-588)4054021-2$2gnd
=650  \7$aAmerikanisches Englisch.$0(DE-588)4094804-3$2gnd
=651  \0$aMars (Planet)$vFiction.
=655  \7$aScience fiction.$2gsafd
=655  \7$aScience fiction.$2lcgft
=914  \\$a1463579

