=LDR  01899cam  2200397 i 4500
=001  522167
=005  20170108014652.0
=008  140116s2014\\\\nyub\\\\\\\\\\000\1\eng\\
=010  \\$a  2014001970
=020  \\$a9780345540706 (hardback : acid-free paper)
=020  \\$a0345540700 (hardback : acid-free paper)
=020  \\$z9780345540713 (ebook)
=035  \\$a(OCoLC)ocn851420359
=035  \\$a(OCoLC)851420359$z(OCoLC)865493119
=040  \\$aDLC$beng$erda$cDLC$dIG#$dBTCTA$dBDX$dWIQ$dUPZ$dJSE$dOCLCO$dUtOrBLW
=049  \\$aZPJA
=050  00$aPS3552.R6596$bH56 2014
=082  00$a813/.54$223
=084  \\$aFIC009020$aFIC002000$aFIC028010$2bisacsh
=100  1\$aBrooks, Terry.
=245  14$aThe High Druid's blade :$bthe Defenders of Shannara /$cTerry Brooks.
=250  \\$aFirst edition.
=264  \1$aNew York :$bDel Rey,$c[2014]
=300  \\$a305 pages :$bmap ;$c25 cm.
=336  \\$atext$btxt$2rdacontent
=337  \\$aunmediated$bn$2rdamedia
=338  \\$avolume$bnc$2rdacarrier
=490  1\$aThe defenders of Shannara
=520  \\$a"Paxon Leah never thought of the old family sword hanging above his living room hearth as anything other than an intriguing ornament...until his sister is kidnapped by a sorcerer. Following the dark mage with nothing but this piece of steel to protect him, Paxon stumbles into a plot to overthow the Druids and remake the world...and accidentally unlocks the powers of the ancient blade. Now, he must learn to master the sword's power in order to protect not only his sister, but also the very people who are teaching him to control his powers in the first place: the Druids!"--$cProvided by publisher.
=650  \0$aDruids and druidism$vFiction.
=655  \7$aFantasy fiction.$2lcgft
=800  1\$aBrooks, Terry.$tDefenders of Shannara.
=856  42$3Cover image$u9780345540706.jpg
=914  \\$a1464633
=994  \\$aC0$bZPJ
=019  \\$a865493119

