=LDR  01069cam  2200361Ii 4500
=001  523029
=005  20160718142442.0
=008  140314s2014\\\\nyu\\\\\\\\\\\000\1\eng\d
=020  \\$a9780765322746
=020  \\$a0765322749
=035  \\$a(OCoLC)ocn872629850
=035  \\$a(OCoLC)872629850
=035  \\$a653501
=040  \\$aVTL$cVTL$dVTL$dOCLCO$dUtOrBLW
=049  \\$aZPJA
=082  04$a813/.54$223
=100  1\$aHerbert, Brian,$eauthor.
=245  10$aMentats of Dune /$cBrian Herbert and Kevin J. Anderson.
=250  \\$aFirst edition.
=300  \\$a445 pages ;$c25 cm
=500  \\$a"A Tom Doherty Associates book."
=650  \0$aDune (Imaginary place)$vFiction.
=650  \0$aFanaticism$vFiction.
=650  \0$aTechnology$vFiction.
=650  \0$aLife on other planets$vFiction.
=655  \7$aScience fiction.$2gsafd
=700  1\$aAnderson, Kevin J.,$d1962- ,$eauthor.
=914  \\$a1466192
=336  \\$atext$btxt$2rdacontent
=337  \\$aunmediated$bn$2rdamedia
=338  \\$avolume$bnc$2rdacarrier
=264  \1$aNew York :$bTor,$c2014.
=994  \\$aC0$bZPJ

