=LDR  02184cam  2200385 i 4500
=001  523433
=005  20170108014653.0
=008  130910s2014\\\\nyub\\\\\\\\\\000\1\eng\\
=010  \\$a  2013033927
=020  \\$a9780451465269
=020  \\$a0451465261
=035  \\$a(OCoLC)ocn852221498
=035  \\$a(OCoLC)852221498$z(OCoLC)852238674$z(OCoLC)869804843
=040  \\$aDLC$beng$erda$cDLC$dBTCTA$dYDXCP$dOCLCO$dUPZ$dQX9$dWIM$dVP@$dCDX$dUBY$dUtOrBLW
=042  \\$apcc
=049  \\$aOEKA
=050  00$aPS3552.I7594$bM87 2014
=082  00$a813/.54$223
=100  1\$aBishop, Anne.
=245  10$aMurder of crows :$ba novel of the Others /$cAnne Bishop.
=264  \1$aNew York, New York :$bROC,$c[2014]
=300  \\$a354 pages :$bmaps ;$c24 cm.
=336  \\$atext$btxt$2rdacontent
=337  \\$aunmediated$bn$2rdamedia
=338  \\$avolume$bnc$2rdacarrier
=490  1\$aNovel of the Others ;$v2
=520  \\$a"After winning the trust of the terra indigene residing in the Lakeside Courtyard, Meg Corbyn has had trouble figuring out what it means to live among them. As a human, Meg should be barely tolerated prey, but her abilities as a cassandra sangue make her something more. The appearance of two addictive drugs has sparked violence between the humans and the Others, resulting in the murders of both species in nearby cities. So when Meg has a dream about blood and black feathers in the snow, Simon Wolfgard--Lakeside's shape-shifting leader--wonders whether their blood prophet dreamed of a past attack or of a future threat. As the urge to speak prophecies strikes Meg more frequently, trouble finds its way inside the Courtyard. Now the Others and the handful of humans residing there must work together to stop the man bent on reclaiming their blood prophet--and stop the danger that threatens to destroy them all"--$cProvided by publisher.
=650  \0$aCorbyn, Meg (Fictitious character)$vFiction.
=650  \0$aWomen prophets$vFiction.
=650  \0$aWerewolves$vFiction.
=655  \7$aOccult fiction.$2gsafd
=655  \0$aParanormal fiction, American.
=800  1\$aBishop, Anne.$tCourtyards of the Others ;$v2.
=914  \\$a1466925
=019  \\$a852238674$a869804843

