=LDR  01446cam  22004098i 4500
=001  523844
=005  20170108014654.0
=008  130723t20142013nyub\\\\\\\\\\000\f\eng\\
=010  \\$a  2013025451
=020  \\$a9780765336408
=020  \\$a0765336405
=035  \\$a(OCoLC)ocn853664402
=035  \\$a(OCoLC)853664402
=040  \\$aDLC$beng$erda$cDLC$dJAI$dQX9$dJQM$dDCH$dUtOrBLW
=042  \\$apcc
=049  \\$aZPPA
=050  00$aPS3619.T3856$bE47 2014
=082  00$a813/.6$223
=100  1\$aStaveley, Brian.
=245  14$aThe emperor's blades /$cBrian Staveley.
=250  \\$aFirst edition.
=264  \1$aNew York :$bTor,$c[2014]
=264  \4$c{copy}2013
=300  \\$a478 pages :$bmap ;$c25 cm.
=336  \\$atext$btxt$2rdacontent
=337  \\$aunmediated$bn$2rdamedia
=338  \\$avolume$bnc$2rdacarrier
=490  1\$aChronicle of the unhewn throne ;$vbook 1
=500  \\$a"A Tom Doherty Associates book."
=520  \\$aThe children of an assassinated emperor try to stay alive and avenge their father's death while continuing down their individual life-paths, one in a monastery, another training with elite soldiers, and one appointed a minister determined to prove herself to her people.
=650  \0$aRevenge$vFiction.
=650  \0$aConspiracy$vFiction.
=650  \0$aMagic$vFiction.
=655  \7$aFantasy fiction.$2gsafd
=800  1\$aStaveley, Brian.$tChronicle of the Unhewn Throne.
=914  \\$a1467541
=994  \\$aC0$bZPP

