=LDR  01607cam  2200421 i 4500
=001  524500
=005  20160612005950.0
=008  140109s2013\\\\nyub\\\\\\\\\\000\1\eng\\
=010  \\$a  2014000869
=019  \\$a855905170$a872416902
=020  \\$a9780385538268 (hardback)
=020  \\$a038553826X (hardback)
=020  \\$z9780385538299 (ebook)
=035  \\$a(OCoLC)ocn867916800
=035  \\$a(OCoLC)867916800$z(OCoLC)855905170$z(OCoLC)872416902
=040  \\$aDLC$beng$erda$cDLC$dOCLCO$dUPZ$dQX9$dZHB$dYDXCP$dBTCTA$dBDX$dGK8$dWIM$dO2C$dABG$dTXA$dCOO$dDAD$dIXA$dOCLCO$dUtOrBLW
=042  \\$apcc
=049  \\$aOEKA
=050  00$aPR6066.R34$bR35 2013
=082  00$a823/.914$223
=084  \\$aFIC009020$aFIC016000$aFIC000000$2bisacsh
=100  1\$aPratchett, Terry,$eauthor.
=245  10$aRaising steam :$ba Discworld novel /$cTerry Pratchett.
=250  \\$aFirst United States Edition.
=264  \1$aNew York :$bDoubleday,$c[2013]
=300  \\$a365 pages :$bmap ;$c25 cm.
=336  \\$atext$btxt$2rdacontent
=337  \\$aunmediated$bn$2rdamedia
=338  \\$avolume$bnc$2rdacarrier
=490  1\$aDiscworld series
=520  \\$a"Change is afoot in Ankh-Morpork--Discworld's first steam engine has arrived, and once again Moist von Lipwig finds himself with a new and challenging job"--$cProvided by publisher.
=650  \0$aDiscworld (Imaginary place)$vFiction.
=655  \7$aFantasy fiction.$2gsafd
=655  \7$aHumorous fiction.$2gsafd
=800  1\$aPratchett, Terry.$tDiscworld series (New York, N.Y.)
=856  42$3Cover image$u9780385538268.jpg
=914  \\$a1468788
=994  \\$aC0$bOEK

