=LDR  01890cam  22003378i 4500
=001  524636
=005  20140205013624.0
=008  130325p20142013nyu\\\\\\\\\\\000\1\eng\\
=010  \\$a  2013005468
=020  \\$a9780525954231 (hardcover) :$c{dollar}26.95
=020  \\$a0525954236 (hardcover) :$c{dollar}26.95
=035  \\$a(OCoLC)ocn833145248
=035  \\$a(OCoLC)833145248
=040  \\$aDLC$beng$erda$cDLC$dOCLCO$dOCLCQ$dYDXCP$dBTCTA$dBDX$dOCLCA$dOCLCF$dEGM$dGO3$dABG$dJP3$dZPJ
=049  \\$aZPJA
=050  00$aPS3623.A86889$bA73 2013
=082  00$a813/.6$223
=100  1\$aWaters, M. D.,$d1976-
=245  10$aArchetype :$ba novel /$cM.D. Waters.
=264  \1$aNew York, New York :$bDutton,$c[2014]
=264  \4$c{copy}2013
=300  \\$a372 pages ;$c24 cm
=336  \\$atext$btxt$2rdacontent
=337  \\$aunmediated$bn$2rdamedia
=338  \\$avolume$bnc$2rdacarrier
=520  \\$aEmma wakes in a hospital, with no memory of what came before. Her husband, Declan, a powerful, seductive man, provides her with new memories, but her dreams contradict his stories, showing her a past life she can't believe possible: memories of war, of a camp where girls are trained to be wives, of love for another man. Something inside her tells her not to speak of this, but she does not know why. She only knows she is at war with herself. Suppressing those dreams during daylight hours, Emma lets Declan mold her into a happily married woman and begins to fall in love with him. But the day Noah stands before her, the line between her reality and dreams shatters. In a future where women are a rare commodity, Emma fights for freedom but is held captive by the love of two men--one her husband, the other her worst enemy. If only she could remember which is which.
=650  \0$aWomen$vFiction.
=650  \0$aCommodification$vFiction.
=655  \7$aScience fiction.$2gsafd
=914  \\$a1469067
=994  \\$aC0$bZPJ

