=LDR  01663cam  2200385Ii 4500
=001  525595
=005  20170108014655.0
=008  130302s2013\\\\nyub\\\\\\\\\\000\1\eng\d
=010  \\$a  2013913826
=020  \\$a9780316399739
=020  \\$a0316399736
=035  \\$a(OCoLC)ocn828891443
=035  \\$a(OCoLC)828891443
=040  \\$aBTCTA$beng$erda$cBTCTA$dBDX$dYDXCP$dFOLLT$dDAD$dH{dollar}Y$dUtOrBLW
=049  \\$aH{dollar}YA
=082  04$a823/.92$223
=100  1\$aGwynne, John,$d1968-$eauthor.
=245  10$aMalice /$cJohn Gwynne.
=250  \\$aFirst U.S. edition.
=264  \1$aNew York, NY :$bOrbit,$c2013.
=264  \1$c{copy}2012.
=300  \\$a646 pages :$bmap ;$c23 cm.
=336  \\$atext$btxt$2rdacontent
=337  \\$aunmediated$bn$2rdamedia
=338  \\$avolume$bnc$2rdacarrier
=490  1\$aFaithful and the fallen series ;$vbook 1
=520  \\$a"The Banished Lands has a violent past where armies of men and giants clashed in battle, but now giants are seen, the stones weep blood and giant wyrms are stirring. Those who can still read the signs see a threat far greater than the ancient wars. For if the Black Sun gains ascendancy, mankind's hopes and dreams will fall to dust ... and it can never be made whole again. Malice is a dark epic fantasy tale of blind greed, ambition, and betrayal."--$cProvided by publisher.
=650  \0$aGood and evil$vFiction.
=655  \7$aFantasy fiction.$2gsafd
=800  1\$aGwynne, John,$d1968-$tFaithful and the fallen series ;$vbook 1.
=914  \\$a1470479
=994  \\$aC0$bH{dollar}Y
=938  \\$aBaker and Taylor$bBTCP$nBK0012866547
=938  \\$aBrodart$bBROD$n107066157
=938  \\$aYBP Library Services$bYANK$n10248387

