=LDR  01381cam  22003858i 4500
=001  527346
=005  20170108014656.0
=008  131230s2014\\\\nyu\\\\\\\\\\\000\1\eng\\
=010  \\$a  2013049212
=020  \\$a9780451464392 (alk. paper)
=020  \\$a0451464397 (alk. paper)
=035  \\$a(OCoLC)ocn867001158
=035  \\$a(OCoLC)867001158$z(OCoLC)866097014
=040  \\$aDLC$beng$erda$cDLC$dBDX$dOCLCO$dYDXCP$dBTCTA$dUPZ$dJNE$dQX9$dEYP$dZHB$dUtOrBLW
=042  \\$apcc
=049  \\$aZPPA
=050  00$aPS3602.U85$bS55 2014
=082  00$a813/.6$223
=100  1\$aButcher, Jim,$d1971-
=245  10$aSkin game :$ba novel of the Dresden files /$cJim Butcher.
=264  \1$aNew York, New York :$bRoc,$c[2014]
=300  \\$a454 pages ;$c24 cm.
=336  \\$atext$btxt$2rdacontent
=337  \\$aunmediated$bn$2rdamedia
=338  \\$avolume$bnc$2rdacarrier
=490  1\$aDresden files
=520  \\$aChicago wizard Harry Dresden must help a hated enemy, Nicodemus Archleone, break into a high security vault to steal something belonging to the Lord of the Underworld.
=650  \0$aDresden, Harry (Fictitious character)$vFiction.
=650  \0$aWizards$vFiction.
=650  \0$aPrivate investigators$vFiction.
=650  \0$aGrail$vFiction.
=655  \7$aFantasy fiction.$2gsafd
=800  1\$aButcher, Jim,$d1971-$tDresden files;$v15.
=914  \\$a1473214
=019  \\$a866097014

