=LDR  02078cam  2200313 i 4500
=001  527985
=005  20160612010301.0
=008  130826s2014\\\\nyu\\\\\\\\\\\000\1\eng\\
=010  \\$a  2013030273
=020  \\$a9780399164989 (hardback) :$c{dollar}27.95
=020  \\$a0399164987 (hardback) :$c{dollar}27.95
=035  \\$a(OCoLC)ocn857141258
=035  \\$a(OCoLC)857141258
=040  \\$aDLC$beng$erda$cDLC$dIG#$dJP3$dVP@$dY#4$dUtOrBLW
=050  00$aPS3616.R526$bF55 2014
=082  00$a813/.6$223
=084  \\$aFIC028010$aFIC028000$aFIC002000$2bisacsh
=100  1\$aPrice, Daniel,$d1970-
=245  14$aThe flight of the silvers /$cDaniel Price.
=264  \1$aNew York :$bBlue Rider Press, a member of Penguin Group (USA) Inc.,$c[2014]
=300  \\$a594 pages ;$c25 cm
=336  \\$atext$btxt$2rdacontent
=337  \\$aunmediated$bn$2rdamedia
=338  \\$avolume$bnc$2rdacarrier
=520  \\$aWithout warning, the world comes to an end for Hannah and Amanda Given. The sky looms frigid white. The electricity falters. Airplanes everywhere crash to the ground. But the Givens are saved by mysterious strangers, three fearsome and beautiful beings who force each sister to wear a plain silver bracelet. Within moments, the sky comes down in a crushing sheet of light and everything around them is gone. Shielded from the devastation by their silver adornments, the Givens suddenly find themselves elsewhere, a strange new Earth where restaurants move through the air like flying saucers and the fabric of time is manipulated by common household appliances. Soon Hannah and Amanda are joined by four other survivors from their world, including a mordant cartoonist, a shy teenage girl, a brilliant young Australian, and a troubled ex-prodigy. Hunted by enemies they never knew they had and afflicted with temporal abilities they never wanted, the sisters and their companions begin a cross-country journey to find the one man who can save them, before time runs out.
=650  \0$aEnd of the world$vFiction.
=650  \0$aScience fiction.
=655  \7$aScience fiction.$2gsafd
=914  \\$a1474553

