=LDR  01453cam  2200397Ii 4500
=001  530892
=005  20160612010539.0
=008  140408s2014\\\\nyua\\\\\\\\\\000\1\eng\d
=020  \\$a9780756408794
=020  \\$a0756408792
=035  \\$a(OCoLC)ocn876048122
=035  \\$a(OCoLC)876048122
=040  \\$aUPZ$beng$erda$cUPZ$dRS{dollar}$dOCLCO$dAZT$dUtOrBLW
=049  \\$aOEKA
=050  14$aPS3552.R4964$bM57 2014
=082  04$a813/.54$223
=100  1\$aBritain, Kristen,$eauthor.
=245  10$aMirror sight /$cKristen Britain.
=264  \1$aNew York, NY :$bDAW Books, Inc.,$c[2014]
=300  \\$a775 pages :$billustrations ;$c24 cm.
=336  \\$atext$btxt$2rdacontent
=337  \\$aunmediated$bn$2rdamedia
=338  \\$avolume$bnc$2rdacarrier
=490  1\$aDAW book collectors ;$vno. 1649
=490  1\$aBook five of green rider
=520  \\$aFollowing her confrontation with Mornhavon, Green Rider Karigan G'ladheon lands in a sealed stone sarcophagus from which she must escape. And should she succeed, will she be walking straight into a trap created by Mornhavon himself?
=650  \0$aWomen heroes$vFiction.
=650  \0$aMessengers$vFiction.
=650  \0$aMagicians$vFiction.
=650  \0$aGood and evil$vFiction.
=650  \0$aMagic$vFiction.
=650  \0$aTeenage girls$vFiction.
=655  \7$aFantasy fiction.$2gsafd
=800  1\$aBritain, Kristen.$tGreen rider ;$vbk. 5.
=830  \0$aDAW book collectors ;$vno. 1649.
=914  \\$a1478979

