=LDR  00913cam  2200313Ka 4500
=001  531265
=005  20160612010559.0
=008  130729s2014\\\\nyu\\\\\\\\\\\000\f\eng\d
=020  \\$a045124057X
=020  \\$a9780451240576
=035  \\$a(OCoLC)ocn854612529
=035  \\$a(OCoLC)854612529
=040  \\$aYDXCP$cYDXCP$dSVP$dBDX$dUtOrBLW
=092  \\$a[Fic]
=100  1\$aStirling, S. M.
=245  10$aShadows of falling night /$cS.M. Stirling.
=260  \\$aNew York, N.Y. :$bRoc,$c2014.
=300  \\$a439 pages ;$c19 cm.
=336  \\$atext$btxt$2rdacontent
=337  \\$aunmediated$bn$2rdamedia
=338  \\$avolume$bnc$2rdacarrier
=490  1\$aA novel of the shadowspawn
=650  \0$aVampires$vFiction.
=650  \0$aTwins$vFiction.
=650  \0$aShapeshifting$vFiction.
=650  \0$aDemonology$vFiction.
=655  \7$aParanormal fiction.$2lcgft
=800  1\$aStirling, S. M.$tShadowspawn.
=914  \\$a1479680

