=LDR  01631cam  2200349Ii 4500
=001  531281
=005  20160612010600.0
=008  140205s2014\\\\enk\\\\\\\\\\\000\1\eng\d
=020  \\$a1781167966 (pbk.)
=020  \\$a9781781167960 (pbk.)
=035  \\$a(OCoLC)ocn869904788
=035  \\$a(OCoLC)869904788
=040  \\$aYDXCP$cYDXCP$erda$dBTCTA$dJST$dIH7$dH{dollar}Y$dUtOrBLW
=049  \\$aH{dollar}YA
=082  04$a823.92$223
=100  1\$aWooding, Chris,$d1977-
=245  14$aThe Iron jackal :$ba tale of Ketty Jay /$cChris Wooding.
=250  \\$aFirst edition.
=264  \1$aLondon :$bTitan Books,$c[2014]
=300  \\$a480 pages ;$c21 cm
=336  \\$atext$btxt$2rdacontent
=337  \\$aunmediated$bn$2rdamedia
=338  \\$avolume$bnc$2rdacarrier
=500  \\$aFirst published by the Orion Publishing Group, London, 2011.
=520  \\$aThings are finally looking good for Captain Frey and his crew. The Ketty Jay has been fixed up good as new. They've got their first taste of fortune and fame. And, just for once, nobody is trying to kill them. In fact she's offered them a job-one that will take them deep into the desert heart of Samarla, the land of their ancient enemies. To a place where the secrets of the past lie in wait for the unwary. Even Trinica Dracken, Frey's ex-fianc{acute}ee and long-time nemesis, has given up her quest for revenge. Secrets that might very well cost Frey everything
=650  \0$aPirates$vFiction.
=650  \0$aSteampunk fiction.
=650  \0$aFantasy fiction.
=914  \\$a1479722
=938  \\$aYBP Library Services$bYANK$n11618980
=938  \\$aBaker and Taylor$bBTCP$nBK0014452898
=994  \\$aC0$bH{dollar}Y

