=LDR  02239cam  2200457 i 4500
=001  531775
=005  20170108014700.0
=008  130909s2014\\\\nyu\\\\\\\\\\\000\1\eng\\
=010  \\$a  2013033239
=020  \\$a9780765329066 (hbk.)
=020  \\$a0765329069 (hbk.)
=020  \\$z9781429948814 (e-book)
=035  \\$a(OCoLC)ocn857863261
=035  \\$a(OCoLC)857863261$z(OCoLC)858896731
=035  \\$a660216
=040  \\$aDLC$beng$erda$cDLC$dIG#$dOCLCO$dYDXCP$dBTCTA$dBDX$dDYJ$dUPZ$dQX9$dOCLCO$dUBY$dRB0$dOCLCO$dUtOrBLW
=049  \\$aZPJA
=050  00$aPS3553.A655$bE36 2014
=082  00$a813/.54$223
=100  1\$aCard, Orson Scott,$eauthor.
=245  10$aEarth awakens :$bthe first Formic war /$cOrson Scott Card and Aaron Johnston.
=250  \\$aFirst Edition.
=264  \1$aNew York :$bTor,$c2014.
=300  \\$a395 pages ;$c25 cm.
=336  \\$atext$btxt$2rdacontent
=337  \\$aunmediated$bn$2rdamedia
=338  \\$avolume$bnc$2rdacarrier
=490  1\$aVolume three of The Formice wars
=500  \\$a"A Tom Doherty Associates Book."
=520  \\$aWhen the alien ship screamed through the solar system, it disrupted communications between the far-flung human mining ships and supply stations and between them and Earth. So Earth and Luna were unaware that they had been invaded until the ship pulled into Earth orbit, and began landing terra-forming crews in China. Politics and pride slowed the response on Earth, and on Luna, corporate power struggles seemed more urgent than distant deaths. In this sequel to Earth afire, millions are dead after the invading Formics gas cities with lethal chemicals. Young Mazer Rackham tries to find a counter-agent, while asteroid miner Victor Delgado infiltrates the alien ship. Victor needs to find a way to seize the ship and end the war.
=526  \\$aAccelerated Reader$bUG$c5.3$d21$e21$z167354
=650  \0$aSpace warfare$vFiction.
=650  \0$aSpace flight$vFiction.
=650  \0$aHuman-alien encounters$vFiction.
=655  \7$aScience fiction.$2lcgft
=700  1\$iSequel to:$aCard, Orson Scott.$tEarth afire.
=700  1\$aJohnston, Aaron.
=800  1\$aCard, Orson Scott.$tFormic Wars ;$vv. 3.
=914  \\$a1480579
=994  \\$aC0$bZPJ
=019  \\$a858896731

