=LDR  02394cam  22004098i 4500
=001  531777
=005  20170108014700.0
=008  140328s2014\\\\nyu\\\\\\\\\\\000\1\eng\\
=010  \\$a  2014008724
=020  \\$a9780062297297 (hardback)
=020  \\$a0062297295 (hardback)
=035  \\$a(OCoLC)ocn881386345
=035  \\$a(OCoLC)881386345
=040  \\$aDLC$beng$erda$cDLC$dYDXCP$dUtOrBLW
=049  \\$aZPJA
=050  00$aPR6066.R34$bL664 2014
=082  00$a823/.914$223
=084  \\$aFIC028010$aFIC028000$aFIC000000$2bisacsh
=100  1\$aPratchett, Terry.
=245  14$aThe long Mars :$ba novel /$cTerry Pratchett and Stephen Baxter.
=250  \\$aFirst Harbor Hardcover Edition.
=263  \\$a1406
=264  \1$aNew York :$bHarper,$c2014.
=300  \\$a 351 pages :$billustrations ;$c24 cm.
=336  \\$atext$btxt$2rdacontent
=337  \\$aunmediated$bn$2rdamedia
=338  \\$avolume$bnc$2rdacarrier
=490  0\$aLong Earth
=520  \\$a"2040-2045: In the years after the cataclysmic Yellowstone eruption there is massive economic dislocation as populations flee Datum Earth to myriad Long Earth worlds. Sally, Joshua, and Lobsang are all involved in this perilous rescue work when, out of the blue, Sally is contacted by her long-vanished father and inventor of the original Stepper device, Willis Linsay. He tells her he is planning a fantastic voyage across the Long Mars and wants her to accompany him. But Sally soon learns that Willis has an ulterior motive for his request. ... Meanwhile U.S. Navy Commander Maggie Kauffman has embarked on an incredible journey of her own, leading an expedition to the outer limits of the far Long Earth. For Joshua, the crisis he faces is much closer to home. He becomes embroiled in the plight of the Next: the super-bright post-humans who are beginning to emerge from their 'long childhood' in the community called Happy Landings, located deep in the Long Earth. Ignorance and fear have caused 'normal' human society to turn against the Next. A dramatic showdown seems inevitable"-- <U+01C2>c from publisher's web site.
=650  \0$aNatural disasters$vFiction.
=650  \0$aSpace and time$vFiction.
=650  \0$aInventors$vFiction.
=650  \0$aImaginary wars and battles$vFiction.
=655  \7$aScience fiction.$2gsafd
=700  1\$aBaxter, Stephen.
=800  1\$aPratchett, Terry.$tLong Earth ;$vbk. 3.
=914  \\$a1480581

