=LDR  01641cam  22003613i 4500
=001  531826
=005  20170108014701.0
=008  131024s2014\\\\nyu\\\\\\\\\\\000\f\eng\d
=020  \\$a9780756408978
=020  \\$a0756408970
=035  \\$a(OCoLC)ocn861478945
=035  \\$a(OCoLC)861478945
=040  \\$aYDXCP$beng$erda$cYDXCP$dBTCTA$dBDX$dWIM$dUPZ$dJQM$dZPJ$dUtOrBLW
=049  \\$aZPJA
=050  \4$aPS3562.A246$bB58 2014
=082  04$a813/.54$223
=100  1\$aLackey, Mercedes.
=245  10$aBlood red /$cMercedes Lackey.
=246  1\$iVariant title announced elsewhere as:$aRed as blood
=264  \1$aNew York, NY :$bDaw Books,$c{copy}2014.
=300  \\$a312 pages ;$c24 cm.
=336  \\$atext$btxt$2rdacontent
=337  \\$aunmediated$bn$2rdamedia
=338  \\$avolume$bnc$2rdacarrier
=490  1\$aElemental masters
=520  \\$a"Little Red Riding Hood's real name is Gretchen Schwarzwald, and she is from the Schwarzwald (the Black Forest) in Germany. Ten years ago, she was orphaned by an evil Earth Master who wanted her parents' land and killed them all with the werewolves he created. She was rescued by a Fire Master, a member of the Woodsman's Lodge, and taught how to use her own Fire Powers. Now another werewolf pack is ravaging Exmoor, and she has come to help London's White Lodge eradicate it and find and destroy the Elemental Master behind it" --$cfrom publisher's web site.
=650  \0$aWomen heroes$vFiction.
=650  \0$aWerewolves$vFiction.
=655  \7$aFantasy fiction.$2lcgft
=655  \7$aFantasy fiction.$2gsafd
=800  1\$aLackey, Mercedes.$tElemental masters.
=914  \\$a1480667
=994  \\$aC0$bZPJ

