=LDR  02650cam  2200385 i 4500
=001  531971
=005  20160612010638.0
=008  131213s2014\\\\nyu\\\\\\\\\\\000\1\eng\\
=010  \\$a  2013046167
=020  \\$a9781250042002 (pbk.)
=020  \\$a1250042003 (pbk.)
=035  \\$a(OCoLC)ocn846545297
=035  \\$a(OCoLC)846545297$z(OCoLC)846552170
=040  \\$aDLC$beng$erda$cDLC$dIG#$dBTCTA$dYDXCP$dOCLCO$dOCLCF$dIEB$dUtOrBLW
=049  \\$aOEKA
=050  00$aPS3553.O5796$bS2828 2014
=082  00$a813/.54$223
=084  \\$aFIC002000$aFIC028010$2bisacsh
=100  1\$aCoonts, Stephen,$d1946-
=245  10$aSaucer :$bsavage planet /$cStephen Coonts.
=250  \\$aFirst Edition.
=264  \1$aNew York :$bSt. Martin's Griffin,$c2014.
=300  \\$a336 pages ;$c21 cm.
=336  \\$atext$btxt$2rdacontent
=337  \\$aunmediated$bn$2rdamedia
=338  \\$avolume$bnc$2rdacarrier
=490  0\$aSavage Planet ;$v3
=520  \\$a"Aliens are coming! A year after young engineering student Rip Cantrell discovered the first flying saucer buried deep in the sands of the Sahara, another saucer is brought up from the bottom of the Atlantic. The recovery is funded by a pharmaceutical executive who believes that the saucer holds the key to an anti-aging drug formula that space travelers would need to voyage between galaxies. But one of his technicians, Adam Solo, an alien marooned on Earth for a thousand years, steals the saucer, hoping to summon a starship to rescue him. Unfortunately, the stolen saucer has damaged communications gear. Solo goes to Rip Cantrell and his partner, ex-Air Force test pilot Charlotte 'Charley' Pine, and Rip's uncle Egg, for help in summoning a starship. Meanwhile, as a terrified world fearful of space invaders approaches meltdown, big pharma moguls and their thugs are hot on the trail of the foursome. In a world turned upside down, it may be the arriving aliens who offer limitless possibilities. Rip and Charley face an incredible decision: Do they dare leave the safety of earth to travel into the great wilderness of the universe? Full of UFO's, futuristic technology, edge-of-your-seat flying scenes and unforgettable characters, human and otherwise, Stephen Coonts' Savage Planet is classic storytelling at its best. and pure, unadulterated fun"--$cProvided by publisher.
=650  \0$aUnidentified flying objects$vFiction.
=650  \0$aSpace flight$vFiction.
=655  \7$aAdventure fiction.$2gsafd
=655  \7$aScience fiction.$2gsafd
=856  42$3Cover image$uhttp://www.netread.com/jcusers2/bk1388/002/9781250042002/image/lgcover.9781250042002.jpg
=914  \\$a1480831
=994  \\$aC0$bOEK

