=LDR  01979cam  22005178i 4500
=001  535183
=005  20170108014704.0
=008  140516s2014\\\\nyu\\\\\\\\\\\000\1\eng\\
=010  \\$a  2014016335
=020  \\$a9780765327741 (hardback)
=020  \\$a0765327740 (hardback)
=020  \\$z9781429948449 (e-book)
=020  \\$a9780765377296 (deluxe edition)
=020  \\$a0765377292 (deluxe edition)
=035  \\$a(OCoLC)ocn866617341
=035  \\$a(OCoLC)866617341$z(OCoLC)866620825
=040  \\$aDLC$beng$erda$cDLC$dBTCTA$dYDXCP$dBDX$dUPZ$dIEB$dUtOrBLW
=042  \\$apcc
=049  \\$aZPPA
=050  00$aPS3557.O5826$bS48 2014
=082  00$a813/.54$223
=084  \\$aFIC009020$2bisacsh
=100  1\$aGoodkind, Terry.
=245  10$aSevered souls /$cTerry Goodkind.
=250  \\$aFirst edition.
=263  \\$a1408
=264  \1$aNew York :$bTor,$c2014.
=300  \\$a558 pages ;$c25 cm.
=336  \\$atext$btxt$2rdacontent
=337  \\$aunmediated$bn$2rdamedia
=338  \\$avolume$bnc$2rdacarrier
=490  1\$aSword of truth
=490  1\$aA Richard and Kahlan novel
=500  \\$a"A Tom Doherty Associates book."
=520  \\$aSeeker of Truth Richard Rahl and his wife, Mother Confessor Kahlan Amnel, face an enemy from the far reaches of the D'Haran Empire as Bishop Hannis Arc and the ancient Emperor Sulachan lead a vast horde of Shun-Tuk and other depraved "half-people" into the Empire's heart, raising an army of the dead in order to threaten the world of the living.
=650  \0$aRahl, Richard (Fictitious character)$vFiction.
=650  \0$aAmnell, Kahlan (Fictitious character)$vFiction.
=655  \7$aFantasy fiction.$2gsafd
=800  1\$aGoodkind, Terry.$tSword of truth.
=800  1\$aGoodkind, Terry.$tRichard and Kahlan novel.
=914  \\$a1485886
=994  \\$aC0$bZPP
=019  \\$a866620825
=938  \\$aBaker and Taylor$bBTCP$nBK0014311455
=938  \\$aYBP Library Services$bYANK$n11431701
=938  \\$aBrodart$bBROD$n108407446

