=LDR  02598cam  2200433 i 4500
=001  539678
=005  20160612011328.0
=008  140516s2014\\\\nyu\\\\\\\\\\\000\1\eng\\
=010  \\$a  2014015447
=020  \\$a9780765335654 (hbk.)
=020  \\$a0765335654 (hbk.)
=035  \\$a(OCoLC)ocn880122448
=035  \\$a(OCoLC)880122448
=035  \\$a1493062
=040  \\$aDLC$beng$erda$cDLC$dIG#$dJNE$dYDXCP$dOI6$dUtOrBLW
=049  \\$aZPJA
=050  00$aPS3562.A246$bH68 2014
=082  00$a813/.54$223
=100  1\$aLackey, Mercedes.
=245  14$aThe house of the four winds /$cMercedes Lackey and James Mallory.
=250  \\$aFirst edition.
=264  \1$aNew York :$bTor,$c2014.
=300  \\$a300 pages ;$c25 cm.
=336  \\$atext$btxt$2rdacontent
=337  \\$aunmediated$bn$2rdamedia
=338  \\$avolume$bnc$2rdacarrier
=490  1\$aOne Dozen Daughters;$vbook 1
=500  \\$a"A Tom Doherty Associates book."
=520  \\$a"Mercedes Lackey is the New York Times bestselling author of the Valdemar series and romantic fantasies like Beauty and the Werewolf and The Fairy Godmother. JAMES MALLORY and Lackey have collaborated on six novels. Now. these New York Times and USA Today bestselling collaborators bring romance to the fore with The House of Four Winds. The rulers of tiny, impoverished Swansgaard have twelve daughters and one son. While the prince's future is assured, his twelve sisters must find their own fortunes. Disguising herself as Clarence, a sailor, Princess Clarice intends to work her way to the New World. When the crew rebels, Clarice/Clarence, an expert with rapier and dagger, sides with the handsome navigator, Dominick, and kills the cruel captain. Dominick leads the now-outlawed crew in search of treasure in the secret pirate haven known as The House of Four Winds. They encounter the sorceress Shamal, who claims Dominick for her own--but Clarice has fallen hard for Dominick and won't give him up without a fight. Full of swashbuckling adventure, buoyant magic, and irrepressible charm, The House of the Four Winds is a lighthearted fantasy romp by a pair of bestselling writers. "--$cProvided by publisher.
=650  \0$aDaughters$vFiction.
=650  \0$aPrincesses$vFiction.
=650  \0$aPirates$vFiction.
=650  \0$aMagic$vFiction.
=650  \0$aFantasy fiction.
=655  \7$aFantasy fiction.$2gsafd
=700  1\$aMallory, James,$d1945-
=800  1\$aLackey, Mercedes.$tOne dozen daughters ;$vbk. 1.
=856  42$3Cover image$uhttp://www.netread.com/jcusers2/bk1388/654/9780765335654/image/lgcover.9780765335654.jpg
=914  \\$a1493062

