=LDR  02431cam  2200457Ii 4500
=001  541751
=005  20160612011517.0
=008  140717s2014\\\\nyua\\\\\\\\\\000\1\eng\\
=010  \\$a  2014009023
=020  \\$a9780425256220 (hardback)
=020  \\$a0425256227 (hardback)
=035  \\$a(OCoLC)ocn883854813
=035  \\$a(OCoLC)883854813
=040  \\$aCGL$beng$erda$cCGL$dCGL$dOCLCO$dIZ8$dUtOrBLW
=043  \\$an-us-ga
=049  \\$aZFRA
=050  00$aPS3601.N5526625$bM34 2014
=082  00$a813/.6$223
=084  \\$aFIC009000$aFIC009060$2bisacsh
=100  1\$aAndrews, Ilona.
=240  10$aWorks.$kSelections
=245  10$aMagic breaks /$cIlona Andrews.
=250  \\$aFirst edition.
=264  \1$aNew York :$bAce Books,$c2014.
=300  \\$axiv, 381 pages :$billustration ;$c24 cm.
=336  \\$atext$btxt$2rdacontent
=337  \\$aunmediated$bn$2rdamedia
=338  \\$avolume$bnc$2rdacarrier
=490  1\$aA Kate Daniels novel
=500  \\$aIncludes short story: Magic tests.
=520  \\$a"As the mate of the Beast Lord, Curran, former mercenary Kate Daniels has more responsibilities than it seems possible to juggle. Not only is she still struggling to keep her investigative business afloat, she must now deal with the affairs of the pack, including preparing her people for attack from Roland, a cruel ancient being with god-like powers. Since Kate's connection to Roland has come out into the open, no one is safe-especially those closest to Kate. As Roland's long shadow looms ever nearer, Kate is called to attend the Conclave, a gathering of the leaders from the various supernatural factions in Atlanta. When one of the Masters of the Dead is found murdered there, apparently at the hands of a shapeshifter, Kate is given only twenty-four hours to hunt down the killer. And this time, if she fails, she'll find herself embroiled in a war which could destroy everything she holds dear"--$cProvided by publisher.
=650  \0$aDaniels, Kate (Fictitious character)$vFiction.
=650  \0$aShapeshifting$vFiction.
=650  \0$aMagic$vFiction.
=651  \0$aAtlanta (Ga.)$vFiction.
=655  \7$aFantasy fiction.$2gsafd
=700  12$aAndrews, Ilona.$tMagic tests.
=856  42$3Cover image$uftp://ppftpuser:welcome@ftp01.penguingroup.com/Booksellers and Media/Covers/2008_2009_New_Covers/9780425256220.jpg
=800  1\$aAndrews, Ilona.$tKate Daniels novel.
=914  \\$a1495930
=994  \\$aC0$bZFR

