=LDR  01485cam  2200349Ia 4500
=001  541860
=005  20160612011523.0
=008  131205s2014\\\\onc\\\\\\\\\\\000\0\eng\d
=020  \\$a9780778317081
=020  \\$a0778317080
=035  \\$a(OCoLC)ocn864845847
=035  \\$a(OCoLC)864845847
=040  \\$aBTCTA$beng$cBTCTA$dHBP$dCGP$dZPJ$dUtOrBLW
=049  \\$aZPJA
=050  \4$aPR9199.3.S156
=082  04$a813/.6$223
=100  1\$aSagara, Michelle,$d1963-$eauthor.
=245  10$aCast in flame /$cMichelle Sagara.
=264  \1$aDon Mills, Ontario :$bHarlequin MIRA,$c2014.
=300  \\$a492 pages ;$c21 cm.
=336  \\$atext$btxt$2rdacontent
=337  \\$aunmediated$bn$2rdamedia
=338  \\$avolume$bnc$2rdacarrier
=490  1\$aThe chronicles of Elantra
=520  \\$a"Kaylin returned from the West March in one piece. Now that piece is fraying. She's not at home in the Imperial Palace--and she never intends to be. All she wants is normal garden-variety criminals and a place of her own. Of course, normal in her new life involves a dragon as a roommate, but she can handle that. She can't as easily handle the new residents to the city she polices, because one of them is Nightshade's younger brother"--Amazon.com.
=650  \0$aNeya, Kaylin (Fictitious character)$vFiction.
=650  \0$aMagic$vFiction.
=650  \0$aDragons$vFiction.
=650  \0$aFantasy fiction.
=800  1\$aSagara, Michelle,$d1963-$tChronicles of Elantra.
=914  \\$a1496100
=994  \\$aC0$bZPJ

