=LDR  01465cam  2200349 i 4500
=001  542135
=005  20161022014922.0
=008  140506s2014\\\\nyu\\\\\\\\\\\000\1\eng\\
=010  \\$a  2014008517
=020  \\$a9781400065677 (hardback)
=020  \\$a1400065674 (hardback)
=035  \\$a(OCoLC)ocn879370677
=035  \\$a(OCoLC)879370677
=040  \\$aDLC$beng$erda$cDLC$dYDX$dGK8$dUPZ$dOCLCF$dIEP$dYDXCP$dOCLCO$dZPJ$dUtOrBLW
=049  \\$aZPJA
=050  00$aPR6063.I785$bB66 2014
=082  00$a823/.914$223
=084  \\$aFIC019000$aFIC028000$aFIC009000$2bisacsh
=100  1\$aMitchell, David$q(David Stephen),$eauthor.
=245  14$aThe bone clocks :$ba novel /$cDavid Mitchell.
=250  \\$aFirst U.S. edition.
=264  \1$aNew York :$bRandom House,$c[2014]
=300  \\$a624 pages ;$c25 cm
=336  \\$atext$btxt$2rdacontent
=337  \\$aunmediated$bn$2rdamedia
=338  \\$avolume$bnc$2rdacarrier
=520  \\$a"A vast, intricate novel that weaves six narratives and spans from 1984 to the 2030s about a secret war between a cult of soul-decanters and a small group of vigilantes called the Night Shift who try to take them down. An up-all-night story that fluently mixes the super-natural, sci-fi, horror, social satire, and hearbreaking realism"--$cProvided by publisher.
=650  \0$aImaginary wars and battles$vFiction.
=655  \7$aScience fiction.$2gsafd
=856  42$3Cover image$u9781400065677.jpg
=914  \\$a1496443
=994  \\$aC0$bZPJ

