=LDR  01774cam  2200421Ii 4500
=001  549262
=005  20170108014715.0
=008  140226s2015\\\\nyub\\\\\\\\\\000\1\eng\d
=020  \\$a1620408937$q(hardcover) :$c{dollar}25.00
=020  \\$a9781620408933$q(hardcover) :$c{dollar}25.00
=035  \\$a(OCoLC)ocn871061706
=035  \\$a(OCoLC)871061706
=040  \\$aYDXCP$beng$cYDXCP$dBTCTA$dBDX$dUPZ$dOCLCQ$dOPW$dIK2$dIH7$dUtOrBLW
=043  \\$ae-uk-en
=049  \\$aZPPA
=050  \4$aPR6119.H365$bM55 2014
=082  04$a823/.92$223
=100  1\$aShannon, Samantha,$d1991-$eauthor.
=245  14$aThe mime order /$cSamantha Shannon.
=250  \\$aFirst U.S. edition.
=264  \1$aNew York :$bBloomsbury USA,$c2015.
=300  \\$a517 pages :$bmap ;$c24 cm.
=336  \\$atext$btxt$2rdacontent
=337  \\$aunmediated$bn$2rdamedia
=338  \\$avolume$bnc$2rdacarrier
=490  0\$aBone season ;$v2
=520  \\$aPaige Mahoney has escaped the brutal penal colony of Sheol I, but her problems have only just begun: many of the fugitives are still missing and she is the most wanted person in London. As Scion turns its all-seeing eye on Paige, the mime-lords and mime-queens of the city's gangs meet, Jaxon Hall and his Seven Seals prepare to take center stage, and bitter fault lines run through the clairvoyant community.
=650  \0$aMahoney, Paige (Fictitious character)$vFiction.
=650  \0$aClairvoyance$vFiction.
=650  \0$aPsychics$vFiction.
=650  \0$aTelepathy$vFiction.
=650  \0$aInsurgency$vFiction.
=650  \0$aGovernment, Resistance to$vFiction.
=651  \0$aLondon (England)$vFiction.
=655  \7$aSteampunk fiction.$2lcgft
=655  \7$aFantasy fiction.$2gsafd
=800  1\$aShannon, Samantha,$d1991-$tBone season ;$v2.
=914  \\$a1509204

