=LDR  02755cam  2200445Ii 4500
=001  549396
=005  20170108014716.0
=008  140205s2014\\\\enkb\\\\\\\\\\000\f\eng\d
=015  \\$aGBB475548$2bnb
=016  7\$a016774573$2Uk
=016  7\$a016795674$2Uk
=020  \\$a0857665561 (pbk.)
=020  \\$a9780857665560 (pbk.) :$c{dollar}14.99
=035  \\$a(OCoLC)ocn869904746
=035  \\$a(OCoLC)869904746
=040  \\$aYDXCP$cYDXCP$dBTCTA$dUKMGB$dBKL$dMR0$dLF3$dUtOrBLW
=049  \\$aZFRA
=100  1\$aHurley, Kameron.
=245  14$aThe mirror empire /$cKameron Hurley.
=264  \1$aNottingham, UK ;$aNew York, NY :$bAngry Robot,$c2014.
=300  \\$a538 pages :$bmap ;$c22 cm.
=336  \\$atext$btxt$2rdacontent
=337  \\$aunmediated$bn$2rdamedia
=338  \\$avolume$bnc$2rdacarrier
=490  1\$aThe Worldbreaker saga ;$vbook 1
=520  \\$a"On the eve of a recurring catastrophic event known to extinguish nations and reshape continents, a troubled orphan evades death and slavery to uncover her own bloody past--while a world goes to war with itself. In the frozen kingdom of Saiduan, invaders from another realm are decimating whole cities, leaving behind nothing but ash and ruin. At the heart of this war lie the pacifistic Dhai people, once enslaved by the Saiduan and now courted by their former masters to provide aid against the encroaching enemy. Stretching from desolate tundra to steamy, semi-tropical climes seething with sentient plant life, this is an epic tale of blood mages and mercenaries, emperors and priestly assassins who must unite to save a world on the brink of ruin. As the dark star of the cataclysm rises, an illegitimate ruler is tasked with holding together a country fractured by civil war; a precocious young fighter is asked to betray his family to save his skin; and a half-Dhai general must choose between the eradication of her father's people or loyalty to her alien Empress. Through tense alliances and devastating betrayal, the Dhai and their allies attempt to hold against a seemingly unstoppable force as enemy nations prepare for a coming together of worlds as old as the universe itself. In the end, one world will rise--and many will perish."--from publisher's description.
=650  \0$aOrphans$vFiction.
=650  \0$aBetrayal$vFiction.
=650  \0$aCivil war$vFiction.
=655  \7$aFantasy fiction.$2lcgft
=655  \7$aFantasy fiction.$2gsafd
=655  \7$aEpic fiction.$2lcgft
=655  \7$aEpic fiction.$2gsafd
=655  \0$aWar stories.
=655  \7$aWar stories.$2gsafd
=800  1\$aHurley, Kameron.$tWorldbreaker saga ;$vbook 1.
=914  \\$a1509460
=994  \\$aC0$bZFR
=938  \\$aYBP Library Services$bYANK$n11618932
=938  \\$aBaker and Taylor$bBTCP$nBK0014452902

