=LDR  01986cam  2200349 i 4500
=001  549683
=005  20170108014716.0
=008  131105s2014\\\\nyu\\\\\\\\\\\000\1\eng\\
=010  \\$a  2013040422
=020  \\$a9780804137171
=020  \\$a080413717X
=020  \\$z9780804137188 (e-book)
=035  \\$a(OCoLC)ocn862222210
=035  \\$a(OCoLC)862222210$z(OCoLC)866615087
=040  \\$aDLC$beng$erda$cDLC$dIG#$dYDXCP$dBDX$dBTCTA$dZS3$dOCLCO$dCDX$dY#4$dUtOrBLW
=050  00$aPS3602.E66455$bC58 2014
=082  00$a813/.6$223
=100  1\$aBennett, Robert Jackson,$d1984-
=245  10$aCity of stairs :$ba novel /$cRobert Jackson Bennett.
=250  \\$aFirst edition.
=264  \1$aNew York :$bBroadway Books,$c[2014]
=300  \\$a452 pages ;$c21 cm
=336  \\$atext$btxt$2rdacontent
=337  \\$aunmediated$bn$2rdamedia
=338  \\$avolume$bnc$2rdacarrier
=520  \\$a"The city of Bulikov once wielded the powers of the gods to conquer the world, enslaving and brutalizing millions--until its divine protectors were killed. Now Bulikov has become just another colonial outpost of the world's new geopolitical power, but the surreal landscape of the city itself--first shaped, now shattered, by the thousands of miracles its guardians once worked upon it--stands as a constant, haunting reminder of its former supremacy. Into this broken city steps Shara Thivani. Officially, the unassuming young woman is just another junior diplomat sent by Bulikov's oppressors. Unofficially, she is one of her country's most accomplished spies, dispatched to catch a murderer. But as Shara pursues the killer, she starts to suspect that the beings who ruled this terrible place may not be as dead as they seem--and that Bulikov's cruel reign may not yet be over."-- From back cover.
=650  \0$aMurder$xInvestigation$vFiction.
=650  \0$aSpy stories.
=655  \7$aScience fiction.$2lcgft
=655  \7$aFantasy fiction.$2gsafd
=655  \7$aMystery fiction.$2gsafd
=914  \\$a1509871

