=LDR  01919cam  2200373 i 4500
=001  550497
=005  20160612012313.0
=008  121221s2013\\\\wau\\\\\\\\\\\000\1\eng\\
=010  \\$a  2012044367
=019  \\$a825046710$a829915776$a849490440$a858538038
=020  \\$a9780786963645
=020  \\$a0786963646
=020  \\$a9780786963744
=035  \\$a(OCoLC)ocn795758224
=035  \\$a(OCoLC)795758224$z(OCoLC)825046710$z(OCoLC)829915776$z(OCoLC)849490440$z(OCoLC)858538038
=040  \\$aDLC$beng$erda$cDLC$dIG#$dBTCTA$dBDX$dYDXCP$dO2C$dOCLCO$dIUK$dIEP$dILC$dVP@$dAU@$dLIV$dOCLCF$dP4I$dUtOrBLW
=042  \\$apcc
=049  \\$aOEKA
=050  00$aPS3569.A462345$bL37 2013
=082  00$a813/.54$223
=100  1\$aSalvatore, R. A.,$d1959-
=245  14$aThe last threshold /$cR.A. Salvatore.
=264  \1$aRenton, WA :$bWizards of the Coast,$c[2013]
=300  \\$a380 pages ;$c25 cm.
=336  \\$atext$btxt$2rdacontent
=337  \\$aunmediated$bn$2rdamedia
=338  \\$avolume$bnc$2rdacarrier
=490  1\$aThe Neverwinter saga ;$vbook IV
=520  \\$aDrizzt fears the loss of Dahlia to his former enemy, while agents of the elite drow hide a secret agenda, and Tiago Baenre enlists Bregan D'aerthe in his quest to destroy Drizzt.
=520  \\$aDrizzt Do'Urden navigates a winding path littered with secrets and lies. Tangled up in his companion Dahlia's dark secrets, the ties that once held her close to Drizzt threaten to tear as her bonds to his former foe, Artemis Entreri, continue to grow. Meanwhile, in the caverns of Gauntlgrym, the drow Tiago Baenre enlists the help of Bregan D'aerthe in his quest to destroy Drizzt. Determined to stand for what's right in the Realms once again, Drizzt forges a new road north-- toward Icewind Dale.
=650  \0$aDrizzt Do'Urden (Fictitious character)$vFiction.
=800  1\$aSalvatore, R. A.,$d1959-$tNeverwinter ;$vbk. 4.
=914  \\$a1511270
=994  \\$aC0$bOEK

