=LDR  01583cam  22003978a 4500
=001  550651
=005  20170108014717.0
=008  140908s2015\\\\nyuad\\\\\\\\\000\1\eng\\
=010  \\$a  2014031015
=020  \\$a9780345539816 (hardback : acid-free paper)
=020  \\$a0345539818 (hardback : acid-free paper)
=035  \\$a(OCoLC)ocn869904689
=035  \\$a(OCoLC)869904689
=040  \\$aDLC$beng$cDLC$dYDXCP$dBTCTA$dBDX$dOCLCO$dLF3$dJOY$dZS3$dH{dollar}Y$dUtOrBLW
=042  \\$apcc
=049  \\$aH{dollar}YA
=050  00$aPS3602.R7226$bG65 2015
=082  00$a813/.6$223
=100  1\$aBrown, Pierce,$d1988-
=245  10$aGolden son /$cPierce Brown.
=250  \\$aFirst edition.
=264  \1$aNew York :$bDel Rey,$c[2015]
=264  \4$c{copy}2015
=300  \\$axii, 446 pages :$billustrations, charts ;$c25 cm.
=336  \\$atext$btxt$2rdacontent
=337  \\$aunmediated$bn$2rdamedia
=338  \\$avolume$bnc$2rdacarrier
=490  1\$aThe Red Rising trilogy ;$vbk. 2
=520  \\$a"Golden Son continues the stunning saga of Darrow, a rebel forged by tragedy, battling to lead his oppressed people to freedom from the overlords of a brutal elitist future built on lies. Now fully embedded among the Gold ruling class, Darrow continues his work to bring down Society from within."--$cProvided by publisher.
=521  8\$aHL630L$bLexile
=650  \0$aDarrow (Fictitious character)$vFiction.
=650  \0$aGovernment, Resistance to$vFiction.
=655  \7$aDystopias.$2gsafd
=655  \7$aScience fiction.$2gsafd
=800  1\$aBrown, Pierce,$d1988-$tRed Rising trilogy;$v2.
=914  \\$a1511463

