=LDR  01344cam  2200397 i 4500
=001  552255
=005  20160612012446.0
=008  140507s2014\\\\nyu\\\\\\\\\\\000\f\eng\\
=010  \\$a  2014008671
=019  \\$a869438122
=020  \\$a9780374165628 (hbk.)
=020  \\$a0374165629 (hbk.)
=020  \\$z9780374710156 (ebk.)
=035  \\$a(OCoLC)ocn879467731
=035  \\$a(OCoLC)879467731$z(OCoLC)869438122
=040  \\$aDLC$beng$erda$cDLC$dIG#$dUPZ$dOCLCF$dYDXCP$dBTCTA$dBDX$dIH7$dINR$dE9G$dUtOrBLW
=049  \\$aE9GA
=050  00$aPS3613.A7756$bG66 2014
=082  00$a813/.6$223
=084  \\$aFIC028000$aFIC031000$aFIC019000$2bisacsh
=100  1\$aMarshall, Peyton,$d1972-
=245  10$aGoodhouse /$cPeyton Marshall.
=246  3\$aGood house
=250  \\$aFirst edition.
=264  \1$aNew York :$bFarrar, Straus and Giroux,$c2014.
=300  \\$a322 pages ;$c22 cm
=336  \\$atext$btxt$2rdacontent
=337  \\$aunmediated$bn$2rdamedia
=338  \\$avolume$bnc$2rdacarrier
=520  \\$a"A bighearted dystopian novel about the corrosive effects of fear and the redemptive power of love by first time novelist Peyton Marshall"--$cProvided by publisher.
=650  \0$aBoys$vFiction.
=650  \0$aEugenics$vFiction.
=655  \7$aDystopias.$2gsafd
=655  \7$aScience fiction.$2gsafd
=914  \\$a1514336
=994  \\$aC0$bE9G

