=LDR  02096cam  2200385 i 4500
=001  553905
=005  20170108014721.0
=008  140723s2014\\\\nyu\\\\\\\\\\\000\1\eng\\
=010  \\$a  2014028558
=020  \\$a9780399158445 (hbk.)
=020  \\$a0399158448 (hbk.)
=035  \\$a(OCoLC)ocn870919306
=040  \\$aDLC$beng$erda$cDLC$dIG#$dYDXCP$dBTCTA$dBDX$dUPZ$dUtOrBLW
=049  \\$aZPJA
=050  00$aPS3557.I2264$bP47 2014
=082  00$a813/.54$223
=084  \\$aFIC028000$aFIC019000$2bisacsh
=100  1\$aGibson, William,$d1948-
=245  14$aThe peripheral /$cWilliam Gibson.
=264  \1$aNew York, New York :$bG.P. Putnam's Sons,$c[2014]
=300  \\$a485 pages ;$c24 cm
=336  \\$atext$btxt$2rdacontent
=337  \\$aunmediated$bn$2rdamedia
=338  \\$avolume$bnc$2rdacarrier
=520  \\$a"William Gibson returns with his first novel since 2010's New York Times-bestselling Zero History. Where Flynne and her brother, Burton, live, jobs outside the drug business are rare. Fortunately, Burton has his veteran's benefits, for neural damage he suffered from implants during his time in the USMC's elite Haptic Recon force. Then one night Burton has to go out, but there's a job he's supposed to do-a job Flynne didn't know he had. Beta-testing part of a new game, he tells her. The job seems to be simple: work a perimeter around the image of a tower building. Little buglike things turn up. He's supposed to get in their way, edge them back. That's all there is to it. He's offering Flynne a good price to take over for him. What she sees, though, isn't what Burton told her to expect. It might be a game, but it might also be murder"--$cProvided by publisher.
=520  \\$a"New novel from New York Times bestselling author William Gibson"--$cProvided by publisher.
=650  \0$aMurder$vFiction.
=650  \0$aDrug traffic$vFiction.
=650  \0$aBrothers and sisters$vFiction.
=650  \0$aVeterans$vFiction.
=650  \0$aVideo games$vFiction.
=655  \7$aScience fiction.$2lcgft
=655  \7$aThrillers (Fiction)$2lcgft
=914  \\$a1517185
=994  \\$aC0$bZPJ

