=LDR  02115cam  2200421 i 4500
=001  553926
=005  20170108014721.0
=008  140826s2014\\\\nyu\\\\\\\\\\\000\1\eng\\
=010  \\$a  2014033729
=015  \\$aGBB492814$2bnb
=020  \\$a9780765377067 (hardback)
=020  \\$a0765377063 (hardback)
=020  \\$z9781466853447 (e-book)
=035  \\$a(OCoLC)ocn868276526
=040  \\$aDLC$beng$erda$cDLC$dIG#$dYDXCP$dBTCTA$dBDX$dUKMGB$dOPW$dUtOrBLW
=041  1\$aeng$hchi
=049  \\$aZPJA
=050  00$aPL2947.C59$bS3613 2014
=082  00$a895.13/52$223
=084  \\$aFIC028000$2bisacsh
=100  1\$aLiu, Cixin.
=240  10$aSan ti.$lEnglish
=245  14$aThe three-body problem /$cCixin Liu ; translated by Ken Liu.
=246  3\$a3 body problem
=250  \\$aFirst U. S. edition.
=264  \1$aNew York :$bTor Books,$c2014.
=300  \\$a399 pages ;$c24 cm
=336  \\$atext$btxt$2rdacontent
=337  \\$aunmediated$bn$2rdamedia
=338  \\$avolume$bnc$2rdacarrier
=520  \\$a"With the scope of Dune and the commercial action of Independence Day, this near-future trilogy is the first chance for English-speaking readers to experience this multple-award-winning phenemonenon from China's most beloved science fiction author. Set against the backdrop of China's Cultural Revolution, a secret military project sends signals into space to establish contact with aliens. An alien civilization on the brink of destruction captures the signal and plans to invade Earth. Meanwhile, on Earth, different camps start forming, planning to either welcome the superior beings and help them take over a world seen as corrupt, or to fight against the invasion. The result is a science fiction masterpiece of enormous scope and vision"--$cProvided by publisher.
=650  \0$aHuman-alien encounters$vFiction.
=650  \0$aImaginary wars and battles$vFiction.
=655  \7$aScience fiction.$2gsafd
=700  1\$aLiu, Ken,$d1976-$etranslator.
=856  42$3Cover image$uhttp://www.netread.com/jcusers2/bk1388/067/9780765377067/image/lgcover.9780765377067.jpg
=914  \\$a1517211
=994  \\$aC0$bZPJ

