=LDR  02749cam  2200421 i 4500
=001  554028
=005  20170108014721.0
=008  140905s2014\\\\nyu\\\\\\\\\\\000\1\eng\\
=010  \\$a  2014026143
=020  \\$a9780451466990 (hardcover : acid-free paper)
=020  \\$a0451466993 (hardcover : acid-free paper)
=035  \\$a(OCoLC)ocn871192373
=035  \\$a(OCoLC)871192373
=040  \\$aDLC$beng$erda$cDLC$dIG#$dYDXCP$dBTCTA$dUPZ$dWIM$dIEB$dZPJ$dUtOrBLW
=043  \\$ae-ie---
=049  \\$aZPJA
=050  00$aPR9619.3.M26755$bD74 2014
=082  00$a823/.914$223
=100  1\$aMarillier, Juliet.
=245  10$aDreamer's pool :$ba Blackthorn & Grim novel /$cJuliet Marillier.
=263  \\$a1411
=264  \1$aNew York :$bROC,$c[2014]
=300  \\$axi, 434 pages ;$c24 cm.
=336  \\$atext$btxt$2rdacontent
=337  \\$aunmediated$bn$2rdamedia
=338  \\$avolume$bnc$2rdacarrier
=490  1\$aBlackthorn & Grim ;$vbook 1
=500  \\$a"A ROC book."
=520  \\$aAfter escaping her wrongful imprisonment, magical healer Blackthorn, living on the fringe of a mysterious forest with a former prison mate named Grim, is duty bound to assist anyone who asks for her help.
=520  \\$a"In exchange for help escaping her long and wrongful imprisonment, embittered magical healer Blackthorn has vowed to set aside her bid for vengeance against the man who destroyed all that she once held dear. Followed by a former prison mate, a silent hulk of a man named Grim, she travels north to Dalriada. There she'll live on the fringe of a mysterious forest, duty bound for seven years to assist anyone who asks for her help. Oran, crown prince of Dalriada, has waited anxiously for the arrival of his future bride, Lady Flidais. He knows her only from a portrait and sweetly poetic correspondence that have convinced him Flidais is his destined true love. But Oran discovers letters can lie. For although his intended exactly resembles her portrait, her brutality upon arrival proves she is nothing like the sensitive woman of the letters. With the strategic marriage imminent, Oran sees no way out of his dilemma. Word has spread that Blackthorn possesses a remarkable gift for solving knotty problems, so the prince asks her for help. To save Oran from his treacherous nuptials, Blackthorn and Grim will need all their resources: courage, ingenuity, leaps of deduction, and more than a little magic" --$cfrom publisher's web site.
=650  \0$aMythology, Celtic$vFiction.
=650  \0$aMagic$vFiction.
=651  \0$aIreland$xHistory$yTo 1172$vFiction.
=655  \7$aFantasy fiction.$2gsafd
=655  \7$aHistorical fiction.$2gsafd
=800  1\$aMarillier, Juliet.$tBlackthorn & Grim ;$vbk. 1.
=914  \\$a1517356
=994  \\$aC0$bZPJ

