=LDR  01629cam  2200361 i 4500
=001  555782
=005  20160612012757.0
=008  140815s2014\\\\enkb\\\\\\\\\\000\1\eng\d
=010  \\$a  2014415633
=020  \\$a9781781169087 (pbk.)
=020  \\$a178116908X (pbk.)
=020  \\$z9781781169094 (ebk.)
=035  \\$a(OCoLC)ocn856199250
=035  \\$a(OCoLC)856199250
=040  \\$aUKMGB$beng$erda$cUKMGB$dDLC$dCDX$dCOO$dOCO$dORX$dIK2$dVP@$dUtOrBLW
=049  \\$aOEKA
=050  00$aPR6123.A74$bE29 2014
=082  04$a823.92$223
=100  1\$aWare, Danie,$eauthor.
=245  10$aEcko burning /$cDanie Ware.
=250  \\$aFirst U.S. edition.
=264  \1$aLondon :$bTitan Books,$c2014.
=300  \\$a457 pages :$bmap ;$c21 cm
=336  \\$atext$btxt$2rdacontent
=337  \\$aunmediated$bn$2rdamedia
=338  \\$avolume$bnc$2rdacarrier
=520  \\$aRuthless and ambitious, Lord Phylos has control of Fhaveon city, and is using its forces to bring the grasslands under his command. His last opponent is an elderly scribe who's lost his best freind and wants only to do the right thing. Seeking weapons, Ecko and his companions follow a trail of myth and rumour to a ruined city where both nightmare and shocking truth lie in wait. When all of these things come together, the world will change beyond recognition. Back in London, the Bard is offered the opportunity to realise everything he has ever wanted--if he will give up his soul.
=650  \0$aHuman body$vFiction.
=650  \0$aSpace and time$vFiction.
=650  \0$aTechnology$vFiction.
=655  \7$aScience fiction.$2gsafd
=914  \\$a1520113
=994  \\$aC0$bOEK

