=LDR  01566cam  2200433Ii 4500
=001  562138
=005  20160612013341.0
=008  150219s2015\\\\wau\\\\\\\\\\\000\1\eng\d
=010  \\$abl2015005315
=019  \\$a884480293$a903642905
=020  \\$a9780786965700
=020  \\$a0786965703
=020  \\$a078696572X
=020  \\$a9780786965724
=020  \\$z9780786965823 (e-book)
=035  \\$a(OCoLC)ocn903640407
=035  \\$a(OCoLC)903640407$z(OCoLC)884480293$z(OCoLC)903642905
=040  \\$aIFJ$beng$erda$cIFJ$dIFJ$dOCLCO$dJQM$dYDXCP$dBTCTA$dBDX$dUPZ$dCLB$dY2A$dE9G$dUtOrBLW
=049  \\$aE9GA
=050  14$aPS3569.A462345$bV46 2015
=082  00$a813/.54$223
=100  1\$aSalvatore, R. A.,$d1959-$eauthor.
=245  10$aVengeance of the iron dwarf /$cR.A. Salvatore.
=264  \1$aRenton, WA, USA :$bWizards of the Coast LLC,$c[2015]
=300  \\$a345 pages ;$c25 cm.
=336  \\$atext$btxt$2rdacontent
=337  \\$aunmediated$bn$2rdamedia
=338  \\$avolume$bnc$2rdacarrier
=490  1\$aCompanions codex ;$vIII
=500  \\$a"Forgotten realms."
=500  \\$a"Dungeons & dragons"--Cover.
=520  \\$aContinues the adventures of dark elf Drizzt Do'Urden against a backdrop of a brutal war that expands throughout the Forgotten Realms.
=650  \0$aDrizzt Do'Urden (Fictitious character)$vFiction.
=650  \0$aForgotten realms (Imaginary place)$vFiction.
=655  \7$aFantasy fiction.$2gsafd
=655  \7$aFantasy fiction.$2lcgft
=800  1\$aSalvatore, R. A.,$d1959-$tCompanions codex ;$v3.
=914  \\$a1531579
=994  \\$aC0$bE9G

