=LDR  01827cam  22004218i 4500
=001  565047
=005  20170108014737.0
=008  141017t20152014nyub\\\\\\\\\\000\1\eng\\
=010  \\$a  2014035636
=020  \\$a9780345540799$q(hardcover)
=020  \\$a0345540794$q(hardcover)
=020  \\$z9780345540805$q(ebook)
=035  \\$a(OCoLC)ocn893389464
=040  \\$aDLC$beng$erda$cDLC$dTOH$dYDXCP$dBTCTA$dOCLCF$dUPZ$dJSE$dJNE$dABG$dZS3$dOCLCO$dIUK$dOCLCO$dUtOrBLW
=049  \\$aZPJA
=050  00$aPS3552.R6596$bD37 2016
=082  00$a813/.54$223
=084  \\$aFIC009020$aFIC002000$aFIC028010$2bisacsh
=100  1\$aBrooks, Terry,$eauthor.
=245  14$aThe darkling child /$cTerry Brooks.
=250  \\$aFirst edition.
=264  \1$aNew York :$bDel Rey,$c[2015]
=264  \4$c{copy}2014
=300  \\$a300 pages :$bmap ;$c25 cm.
=336  \\$atext$btxt$2rdacontent
=337  \\$aunmediated$bn$2rdamedia
=338  \\$avolume$bnc$2rdacarrier
=490  1\$aThe defenders of Shannara
=520  \\$a"From New York Times bestselling author Terry Brooks comes a thrilling stand-alone novel in his legendary Shannara series--the perfect place for new readers to begin"--$cProvided by publisher.
=520  \\$a"Paxon Leah has joined the Druid Order as a paladin, tasked with protecting the Druids with the aid of his magical sword. But Paxon's toughest assignment will come when he must track down a young musician with newly-manifested magic before a rival sorcerer can corrupt the boy"--$cProvided by publisher.
=650  \0$aShannara (Imaginary place)$vFiction.
=650  \0$aDruids and druidism$vFiction.
=655  \7$aFantasy fiction.$2gsafd
=800  1\$aBrooks, Terry.$tDefenders of Shannara ;$v[2].
=856  42$3Cover image$u9780345540799.jpg
=914  \\$a1536843
=994  \\$aC0$bZPJ
=019  \\$a864380355$a864546126

