=LDR  01707cam  2200433Ii 4500
=001  567643
=005  20170108014742.0
=008  140724s2015\\\\nyua\\\\\\\\\\000\1\eng\d
=020  \\$a9780062190376$q(hardcover) :$c{dollar}35.00
=020  \\$a0062190377$q(hardcover) :$c{dollar}35.00
=020  \\$a9780062396075$q(international edition)
=020  \\$a0062396072$q(international edition)
=035  \\$a(OCoLC)ocn884539342
=040  \\$aYDXCP$beng$erda$cYDXCP$dBTCTA$dBDX$dOCLCQ$dWIM$dO2C$dUPZ$dFOLLT$dWIM$dZHB$dIP6$dUtOrBLW
=043  \\$ax------$azo-----
=049  \\$aZPJA
=050  \4$aPS3569.T3868$bS47 2015
=082  04$a813/.54$223
=100  1\$aStephenson, Neal,$eauthor.
=245  10$aSeveneves :$b[a novel] /$cNeal Stephenson.
=246  3\$aSeven eves
=246  3\$a7 eves
=250  \\$aFirst edition.
=264  \1$aNew York, NY :$bWilliam Morrow an imprint of HarperCollins Publishers,$c[2015]
=264  \4$c{copy}2015
=300  \\$a867 pages, 2 unnumbered pages :$bcolor illustrations ;$c24 cm
=336  \\$atext$btxt$2rdacontent
=337  \\$aunmediated$bn$2rdamedia
=338  \\$avolume$bnc$2rdacarrier
=500  \\$aIllustrations also on lining pages.
=500  \\$aSubtitle from dust jacket.
=520  \\$aFive thousand years later after a catastrophic event rendered the Earth a ticking time bomb, the progeny of a handful of outer space explorers--seven distinct races now three billion strong--embark on yet another audacious journey: to return to Earth.
=650  \0$aDisasters$vFiction.
=650  \0$aSurvival$vFiction.
=651  \0$aEarth (Planet)$vFiction.
=651  \0$aOuter space$xExploration$vFiction.
=655  \7$aScience fiction.$2lcgft
=914  \\$a1540536
=994  \\$aC0$bZPJ

