=LDR  02433cam  2200397Ki 4500
=001  571163
=005  20170108014747.0
=008  141031s2015\\\\nyua\\\\\\\\\\000\f\eng\d
=020  \\$a9780062297334
=020  \\$a0062297333
=020  \\$a9780062297341 (paperback)
=020  \\$a0062297341 (paperback)
=035  \\$a(OCoLC)ocn894139801
=035  \\$a(OCoLC)894139801
=040  \\$aYDXCP$beng$cYDXCP$dBDX$dBTCTA$dOCLCQ$dWIM$dFLWMD$dUPZ$dIEB$dJQM$dH{dollar}Y$dUtOrBLW
=049  \\$aH{dollar}YA
=050  \4$aPR6066.R34$bL66 2015
=082  04$a823.914$223
=100  1\$aPratchett, Terry,$eauthor.
=245  14$aThe long Utopia /$cTerry Pratchett and Stephen Baxter.
=250  \\$aFirst U.S. edition.
=264  \1$aNew York, NY :$bHarper, an imprint of HarperCollinsPublishers,$c[2015]
=300  \\$a354 pages :$billustration ;$c24 cm
=336  \\$atext$btxt$2rdacontent
=337  \\$aunmediated$bn$2rdamedia
=338  \\$avolume$bnc$2rdacarrier
=520  \\$a"2045-2059. Human society continues to evolve on Datum Earth, its battered and weary origin planet, as the spread of humanity progresses throughout the many Earths beyond. Lobsang, now an elderly and complex AI, suffers a breakdown, and disguised as a human attempts to live a 'normal' life on one of the millions of Long Earth worlds. His old friend, Joshua, now in his fifties, searches for his father and discovers a heretofore unknown family history. And the super-intelligent post-humans known as 'the Next' continue to adapt to life among 'lesser' humans. But an alarming new challenge looms. An alien planet has somehow become 'entangled' with one of the Long Earth worlds and, as Lobsang and Joshua learn, its voracious denizens intend to capture, conquer, and colonize the new universe--the Long Earth--they have inadvertently discovered. World-building, the intersection of universes, the coexistence of diverse species, and the cosmic meaning of the Long Earth itself are among the mind-expanding themes explored in this exciting new installment of Terry Pratchett and Stephen Baxter's extraordinary Long Earth series" --$cprovided by publisher.
=650  \0$aArtificial intelligence$vFiction.
=650  \0$aSpace and time$vFiction.
=650  \0$aSpace flight$vFiction.
=655  \7$aScience fiction.$2gsafd
=655  \7$aHumorous fiction.$2gsafd
=655  \7$aScience fiction.$2lcgft
=700  1\$aBaxter, Stephen,$eauthor.
=914  \\$a1546871
=994  \\$aC0$bH{dollar}Y

