=LDR  02042cam  2200457 i 4500
=001  572122
=005  20170108014749.0
=008  141118s2015\\\\nyu\\\\\\\\\\\000\1\eng\\
=010  \\$a  2014037807
=020  \\$a9780316277983 (hbk.)
=020  \\$a0316277983 (hbk.)
=020  \\$z9780316277990 (ebk.)
=020  \\$z9781478903451 (audio download)
=035  \\$a(OCoLC)ocn885910952
=035  \\$a(OCoLC)885910952
=040  \\$aDLC$beng$erda$cDLC$dIG#$dYDXCP$dBTCTA$dBDX$dIKP$dGO6$dIH7$dH{dollar}Y$dUtOrBLW
=049  \\$aH{dollar}YA
=050  00$aPS3613.A76993$bC76 2015
=082  00$a813/.6$223
=084  \\$aFIC009020$aFIC002000$aFIC009030$2bisacsh
=100  1\$aMarshall, Alex$c(Novelist),$eauthor.
=245  12$aA crown for cold silver /$cAlex Marshall.
=250  \\$aFirst edition.
=264  \1$aNew York, NY :$bOrbit,$c2015.
=300  \\$a646 pages ;$c25 cm
=336  \\$atext$btxt$2rdacontent
=337  \\$aunmediated$bn$2rdamedia
=338  \\$avolume$bnc$2rdacarrier
=520  \\$a"Twenty years ago, feared general Cobalt Zosia led her five villainous captains and mercenary army into battle, wrestling monsters and toppling an empire. When there were no more titles to win and no more worlds to conquer, she retired and gave up her legend to history. Now the peace she carved for herself has been shattered by the unprovoked slaughter of her village. Seeking bloody vengeance, Zosia heads for battle once more, but to find justice she must confront grudge-bearing enemies, once-loyal allies, and an unknown army that marches under a familiar banner"--$cProvided by publisher.
=650  \0$aWomen generals$vFiction.
=650  \0$aRevenge$vFiction.
=650  \7$aFICTION / Fantasy / Epic.$2bisacsh
=650  \7$aFICTION / Action & Adventure.$2bisacsh
=650  \7$aFICTION / Fantasy / Historical.$2bisacsh
=655  \0$aWar stories.
=655  \7$aHistorical fiction.$2lcgft
=655  \7$aFantasy fiction.$2lcgft
=655  \7$aAdventure fiction.$2gsafd
=655  \7$aEpic fiction.$2gsafd
=914  \\$a1548468
=994  \\$aC0$bH{dollar}Y

