=LDR  02444cam  2200613Ia 4500
=001  572605
=005  20170120090216.0
=008  130805t20142010nyuab\\\\\\\\\000\1\eng\d
=020  \\$a0765376679$q(pbk.)
=020  \\$a9780765376671$q(pbk.)
=020  \\$a9780765326355 (hc)
=020  \\$a0765326353 (hc)
=020  \\$a9780765365279$qpaperback
=020  \\$a0765365278$qpaperback
=035  \\$a(OCoLC)ocn855044329
=035  \\$a411905
=035  \\$a566336
=040  \\$aYDXCP$beng$cYDXCP$dBTCTA$dBDX$dCXP$dOCLCO$dAU@$dOCLCF$dOCLCQ$dOCLCO$dOCLCQ$dUtOrBLW
=049  \\$aZPJA
=050  14$aPS3619.A533$bW375 2014
=082  04$a813/.6$223
=100  1\$aSanderson, Brandon.
=245  14$aThe way of kings /$cBrandon Sanderson ; [illustrations by Isaac Stewart, Ben McSweeney, Greg Call ; edited by Moshe Feder].
=250  \\$a1st trade pbk. ed.
=260  \\$aNew York :$bTor Fantasy,$c2014, {copy}2010.
=300  \\$a1,007 pages :$billustrations, maps (some color) ;$c24 cm.
=336  \\$atext$btxt$2rdacontent
=336  \\$astill image$bsti$2rdacontent
=336  \\$acartographic image$bcri$2rdacontent
=337  \\$aunmediated$bn$2rdamedia
=338  \\$avolume$bnc$2rdacarrier
=490  1\$aThe stormlight archive ;$vbk. 1
=500  \\$aColor maps on lining papers.
=500  \\$a"A Tom Doherty Associates book."
=500  \\$a"Bonus full-page illustration unique to this edition!"--Cover.
=520  \\$aA new epic series by the best-selling writer of Robert Jordan's final Wheel of Time novels introduces the world of Roshar through the experiences of a war-weary royal compelled by visions, a highborn youth condemned to military slavery and a woman who would save her impoverished house.
=526  \\$aAccelerated Reader$bUG$c5.2$d58$e58$z167224
=650  \0$aManuscripts$vFiction.
=650  \0$aSlavery$vFiction.
=650  \0$aKings and rulers$vFiction.
=650  \0$aImaginary wars and battles$vFiction.
=650  \0$aImaginary places$vFiction.
=650  \0$aMagic$vFiction.
=655  \7$aFantasy fiction.$2gsafd
=655  \7$aScience fiction.$2gsafd
=655  \7$aFantasy fiction, American.$2lcgft
=700  1\$aStewart, Isaac$q(Isaac Andrew),$d1977-$eillustrator.
=700  1\$aMcSweeney, Ben,$eillustrator.
=700  1\$aCall, Greg,$eillustrator.
=700  1\$aFeder, Moshe.
=800  1\$aSanderson, Brandon.$tStormlight archive.
=914  \\$a1549218
=994  \\$aC0$bZPJ
=019  \\$a880224407

