=LDR  01422cam  22003738i 4500
=001  573590
=005  20170108014756.0
=008  150427t20152012nyu\\\\\\\\\\\000\1\eng\\
=010  \\$a  2015016172
=020  \\$a9780765383068$q(hardcover : alk. paper)
=020  \\$a0765383063$q(hardcover : alk. paper)
=020  \\$a9780765383112$q(limited edition)
=020  \\$a076538311X$q(limited edition)
=035  \\$a(OCoLC)ocn908146172
=040  \\$aDLC$beng$erda$cDLC$dKTP$dQX9$dOJ4$dOCLCO$dABG$dOCLCO$dUtOrBLW
=049  \\$aZPJA
=050  00$aPS3557.O5826$bF57 2015
=082  00$a813/.54$223
=100  1\$aGoodkind, Terry,$eauthor.
=245  14$aThe first confessor :$bthe legend of Magda Searus /$cTerry Goodkind.
=250  \\$aFirst Tor edition.
=264  \1$aNew York :$bTor, a Tom Doherty Associates Book,$c2015.
=264  \4$c{copy}2012
=300  \\$a604 pages ;$c25 cm
=336  \\$atext$btxt$2rdacontent
=337  \\$aunmediated$bn$2rdamedia
=338  \\$avolume$bnc$2rdacarrier
=520  \\$aA prequel to the Sword of Truth series follows the experiences of Magda Searus, who is shunned by her community members when she makes unsettling discoveries about her powerful husband's suicide and ventures out into a war-stricken world.
=650  \0$aSuicide$vFiction.
=650  \0$aMan-woman relationships$vFiction.
=655  \7$aFantasy fiction.$2lcgft
=914  \\$a1550913
=994  \\$aC0$bZPJ
=019  \\$a913090773

