=LDR  01766cam  2200457 i 4500
=001  575283
=005  20170108014801.0
=008  141124s2015\\\\nyu\\\\\\\\\\\000\1\eng\\
=010  \\$a  2014046162
=020  \\$a9780316098106 (hbk.)
=020  \\$a0316098108 (hbk.)
=020  \\$z9780316378741 (ebk.)
=020  \\$z9781478903741 (downloadable audio edition)
=020  \\$a9780316349482 (autographed edition)
=020  \\$a0316349488 (autographed edition)
=035  \\$a(OCoLC)ocn890625620
=035  \\$a(OCoLC)890625620$z(OCoLC)906020653
=040  \\$aDLC$beng$erda$cDLC$dIG#$dBTCTA$dYDXCP$dBDX$dQX9$dGO6$dOCLCO$dH{dollar}Y$dUtOrBLW
=049  \\$aH{dollar}YA
=050  00$aPS3568.O2893$bA95 2015
=082  00$a813/.54$223
=084  \\$aFIC028030$aFIC028020$aFIC002000$2bisacsh
=100  1\$aRobinson, Kim Stanley,$eauthor.
=245  10$aAurora /$cKim Stanley Robinson.
=250  \\$aFirst edition.
=264  \1$aNew York :$bOrbit,$c2015.
=300  \\$a466 pages ;$c25 cm
=336  \\$atext$btxt$2rdacontent
=337  \\$aunmediated$bn$2rdamedia
=338  \\$avolume$bnc$2rdacarrier
=520  \\$a"Generations after leaving earth, a starship draws near to the planet that may serve as a new home world for those on board. But the journey has brought unexpected changes and their best laid plans may not be enough to survive"--$cProvided by publisher.
=650  \0$aInterplanetary voyages$vFiction.
=650  \0$aSpace colonies$vFiction.
=650  \7$aFICTION / Science Fiction / Space Opera.$2bisacsh
=650  \7$aFICTION / Science Fiction / High Tech.$2bisacsh
=650  \7$aFICTION / Action & Adventure.$2bisacsh
=655  \7$aScience fiction.$2lcgft
=655  \7$aScience fiction.$2gsafd
=914  \\$a1554512
=994  \\$aC0$bH{dollar}Y
=019  \\$a906020653

