=LDR  01719cam  2200409 i 4500
=001  577454
=005  20170108014805.0
=008  141210t20152015wau\\\\\\\\\\\000\f\eng\d
=020  \\$a0786965754
=020  \\$a9780786965755
=035  \\$a(OCoLC)ocn898006025
=035  \\$a(OCoLC)898006025$z(OCoLC)908284776
=040  \\$aYDXCP$beng$erda$cYDXCP$dBTCTA$dOCLCQ$dBDX$dOCLCQ$dTOH$dFLWMD$dUPZ$dOCLCO$dQX9$dOCLCO$dIH7$dOCLCO$dFOLLT$dOCLCO$dVP@$dH{dollar}Y$dUtOrBLW
=049  \\$aH{dollar}YA
=050  \4$aPS3569.A462345$bA73 2015
=082  04$a813/.54$223
=082  04$a[Fic]
=100  1\$aSalvatore, R. A.,$d1959-$eauthor.
=245  10$aArchmage /$cR. A. Salvatore.
=264  \1$aRenton, WA :$bWizards of the Coast,$c[2015]
=264  \4$c{copy}2015
=300  \\$a362 pages ;$c24 cm.
=336  \\$atext$btxt$2rdacontent
=337  \\$aunmediated$bn$2rdamedia
=338  \\$avolume$bnc$2rdacarrier
=490  1\$aHomecoming ;$vbook 1
=500  \\$a"Dungeons & Dragons, Forgotten realms"--Jacket.
=520  \\$aVictory reigns at Mithral Hall but Drizzt knows that the dark elves of Menzoberranzan, including the powerful Archmage Gromph, aren't done with him yet. Consumed by their own power struggles, feeling backed into a corner, the drow may just be desperate enough to call on demonic forces from the deepest reaches of the Abyss, and unleash a disaster even the Underdark could never have prepared for.
=650  \0$aDrizzt Do'Urden (Fictitious character)$vFiction.
=650  \0$aWizards$vFiction.
=650  \0$aElves$vFiction.
=650  \0$aDemonology$vFiction.
=655  \7$aFantasy fiction.$2gsafd
=800  1\$aSalvatore, R. A.,$d1959-$tHomecoming ;$vbk. 1.
=914  \\$a1557636
=994  \\$aC0$bH{dollar}Y
=019  \\$a908284776

