=LDR  03215cam  22005298i 4500
=001  577463
=005  20170108014805.0
=008  150413t20152015nyub\\\\\\\\\\000\1\eng\\
=010  \\$a  2015013752
=020  \\$a9780451417350$q(hardcover)
=020  \\$a0451417356$q(hardcover)
=035  \\$a(OCoLC)ocn907391440
=035  \\$a(OCoLC)907391440$z(OCoLC)900623725
=040  \\$aDLC$beng$erda$cDLC$dOCLCO$dBDX$dYDXCP$dBTCTA$dIEB$dOI6$dIH7$dOCLCO$dUtOrBLW
=042  \\$apcc
=049  \\$aOEKA
=050  00$aPS3569.T543$bD47 2015
=082  00$a813/.54$223
=084  \\$aFIC028010$aFIC028000$2bisacsh
=100  1\$aStirling, S. M.,$eauthor.
=245  14$aThe desert and the blade /$cS. M. Stirling.
=263  \\$a1508
=264  \1$aNew York, New York :$bNew American Library, an imprint of Penguin Random House LLC,$c[2015]
=264  \4$c{copy}2015
=300  \\$aviii, 612 pages :$bmap ;$c24 cm.
=336  \\$atext$btxt$2rdacontent
=337  \\$aunmediated$bn$2rdamedia
=338  \\$avolume$bnc$2rdacarrier
=490  1\$aA novel of the Change
=520  \\$a"In his Novels of the Change, New York Times bestselling author S.M. Stirling presents 'a devastated, mystical world that will appeal to fans of traditional fantasy as well as post-apocalyptic SF.'* Continuing their quest that began in The Golden Princess, two future rulers of a world without technology risk their lives seeking a fabled blade... Reiko, Empress of Japan, has allied herself with Princess {acute}Orlaith, heir to the High Kingdom of Montival, to find the Kusanagi-no-Tsurugi, the Grass-Cutting Sword, a legendary treasure of an ancient dynasty that confers valor and victory to its bearer. {acute}Orlaith understands all too well the power it signifies. Her own inherited blade, the Sword of the Lady, was both a burden and a danger to her father, Rudi Mackenzie, as it failed to save the king from being assassinated. But the fabled sword lies deep with the Valley of Death, and the search will be far from easy. And war is building, in Montival and far beyond. As {acute}Orlaith and Reiko encounter danger and wonder, {acute}Orlaith's mother, Queen Matildha, believes her daughter's alliance and quest has endangered the entire realm. There are factions both within and without Montival whose loyalty died with the king, and whispers of treachery and war grow ever louder. And the Malevolence that underlies the enemy will bend all its forces to destroy them. *Publishers Weekly (starred review)"--$cProvided by publisher.
=650  \0$aRegression (Civilization)$vFiction.
=650  \0$aQuests (Expeditions)$vFiction.
=650  \0$aPrincesses$vFiction.
=650  \0$aSwords$vFiction.
=650  \7$aFICTION / Science Fiction / Adventure.$2bisacsh
=650  \7$aFICTION / Science Fiction / General.$2bisacsh
=655  \7$aScience fiction.$2gsafd
=655  \7$aFantasy fiction.$2gsafd
=655  \7$aAlternative histories (Fiction)$2gsafd
=800  1\$aStirling, S. M.$tNovels of the Change.
=856  42$3Cover image$u9780451417350.jpg
=914  \\$a1557645
=994  \\$aC0$bOEK
=019  \\$a900623725
=938  \\$aBrodart$bBROD$n111946018
=938  \\$aYBP Library Services$bYANK$n12249982
=938  \\$aBaker and Taylor$bBTCP$nBK0016407523

