=LDR  02083cam  22005058i 4500
=001  577469
=005  20170428114954.0
=008  150605t20152015nyub\\\\\\\\\\000\f\eng\\
=010  \\$a  2015022193
=020  \\$a9780553392920 (hardcover : acid-free paper)
=020  \\$a0553392921 (hardcover : acid-free paper)
=020  \\$a9780553392944 : PAP$c7.99
=020  \\$a0553392948 : PAP$c7.99$qpbk.
=035  \\$a(OCoLC)ocn910826951
=035  \\$a(OCoLC)910826951$z(OCoLC)915159691
=035  \\$a647797
=035  \\$a731820
=040  \\$aDLC$beng$erda$cDLC$dOCLCO$dIEB$dOCLCO$dVP@$dIH7$dOCLCO$dH{dollar}Y$dUtOrBLW
=042  \\$apcc
=049  \\$aH{dollar}YA
=050  00$aPS3558.O33636$bF675 2015
=082  00$a813/.54$223
=084  \\$aFIC009020$aFIC002000$aFIC043000$2bisacsh
=100  1\$aHobb, Robin,$eauthor.
=245  10$aFool's quest /$cRobin Hobb.
=250  \\$aFirst edition.
=264  \1$aNew York :$bDel Rey,$c[2015]
=264  \4$c{copy}2015
=300  \\$a754 pages :$bmap ;$c25 cm.
=336  \\$atext$btxt$2rdacontent
=337  \\$aunmediated$bn$2rdamedia
=338  \\$avolume$bnc$2rdacarrier
=490  1\$aFitz and the fool trilogy ;$vbook 2
=520  \\$a"After nearly killing his oldest friend, the Fool, and finding his daughter stolen away by those who were once targeting the Fool, FitzChivarly Farseer is out for blood. And who better to wreak havoc than a highly trained and deadly former royal assassin? Fitz might have let his skills go fallow over his years of peace, but such things, once learned, are not so easily forgotten. And nothing is more dangerous than a man who has nothing left to lose"--$cProvided by publisher.
=650  \0$aAssassins$vFiction.
=650  \0$aMagic$vFiction.
=650  \7$aFICTION / Fantasy / Epic.$2bisacsh
=650  \7$aFICTION / Action & Adventure.$2bisacsh
=650  \7$aFICTION / Coming of Age.$2bisacsh
=655  \7$aFantasy fiction.$2gsafd
=800  1\$aHobb, Robin.$tFitz and the fool trilogy ;$vbk. 2.
=856  42$3Cover image$u9780553392920.jpg
=914  \\$a1557651
=994  \\$aC0$bH{dollar}Y
=019  \\$a915159691

