=LDR  02604cam  22003858i 4500
=001  577472
=005  20170108014806.0
=008  150518s2015\\\\nyuab\\\\\\\\\000\1\eng\\
=010  \\$a  2015019179
=020  \\$a9780765321879
=020  \\$a0765321874
=020  \\$z9781429949835 (e-book)
=035  \\$a(OCoLC)ocn909538760
=035  \\$a(OCoLC)909538760$z(OCoLC)898418887
=040  \\$aDLC$beng$erda$cDLC$dOCLCO$dYDXCP$dBTCTA$dBDX$dWIM$dOCLCO$dOCLCF$dOCLCO$dOI6$dH{dollar}Y$dUtOrBLW
=042  \\$apcc
=049  \\$aH{dollar}YA
=050  00$aPS3573.E217$bH442 2015
=082  00$a813/.54$223
=100  1\$aWeber, David,$d1952-
=245  10$aHell's foundations quiver /$cDavid Weber.
=250  \\$aFirst edition.
=263  \\$a1510
=264  \1$aNew York :$bTor, a Tom Doherty Associates Book,$c2015.
=300  \\$a784 pages :$billustrations, maps ;$c25 cm.
=336  \\$atext$btxt$2rdacontent
=337  \\$aunmediated$bn$2rdamedia
=338  \\$avolume$bnc$2rdacarrier
=490  1\$aA new novel in the Safehold series
=520  \\$aCenturies ago, the human race fought its first great war against an alien race, and lost. A tiny population of human beings fled to distant Safehold. Centuries later, their descendants have forgotten their history; for them, life has been an eternal Middle Ages, ruled by the Church of God Awaiting, whose secret purpose is to prevent the re-emergence of industrial civilization. But not all of Safehold's founders were on board with this plan. Those dissidents left behind their own secret legacies. One of those is Merlyn Athrawes, cybernetic avatar of one of Earth's long-dead defenders, now reawakened after a thousand years to restart human progress and reclaim our place in the universe. Merlyn has intervened in the small Safeholdian realm of Charis, seeding it with ideas and innovations and helping it to rise to challenge the hegemony of the Church. It's been a long and bloody fight, but aided by a stream of inventions--breech-loading rifles, signal rockets, claymore mines, new approaches to manufacturing and supply-Charis and its few allies seem to have finally gained the upper hand. Now major realms have begun to consider switching sides. To all these ends, Merlyn Athrawes has been everywhere, under multiple disguises and wielding hidden powers. The secret of who and what he is has been closely held. But a new player has arrived, one who knows many secrets-including Merlyn's own.
=650  \0$aSpace warfare$vFiction.
=655  \7$aScience fiction.$2gsafd
=800  1\$aWeber, David,$d1952-$tSafehold series;$v8.
=914  \\$a1557654
=994  \\$aC0$bH{dollar}Y

