=LDR  01511cam  22004098i 4500
=001  577488
=005  20170108014806.0
=008  150420s2015\\\\nyu\\\\\\\\\\\000\f\eng\\
=010  \\$a  2015015075
=020  \\$a9780765334978 (hardcover : alk. paper)
=020  \\$a0765334976 (hardcover : alk. paper)
=020  \\$z9781466819627 (e-book)
=035  \\$a(OCoLC)ocn907811398
=040  \\$aDLC$beng$erda$cDLC$dOCLCO$dUPZ$dOCLCO$dTUL$dIH7$dOCLCO$dUtOrBLW
=043  \\$an-us-dc
=049  \\$aZPJA
=050  00$aPS3552.O84$bP64 2015
=082  00$a813/.54$223
=100  1\$aBova, Ben,$d1932-$eauthor.
=245  10$aPower surge /$cBen Bova.
=250  \\$aFirst edition.
=264  \1$aNew York, NY :$bTor,$c2015.
=300  \\$a363 pages ;$c22 cm
=336  \\$atext$btxt$2rdacontent
=337  \\$aunmediated$bn$2rdamedia
=338  \\$avolume$bnc$2rdacarrier
=500  \\$a"A Tom Doherty Associates book."
=520  \\$aDr. Jake Ross, the science advisor to a newly elected freshman senator, must figure out how Washington really works when his comprehensive energy plan runs afoul of special interests, cynical bureaucrats, and a powerful U.S. senator.
=650  \0$aScience consultants$zWashington (D.C.)$vFiction.
=650  \0$aPoliticians$zUnited States$vFiction.
=650  \0$aEnergy policy$zUnited States$vFiction.
=651  \0$aWashington (D.C.)$vFiction.
=655  \7$aPolitical fiction.$2lcgft
=655  \7$aScience fiction.$2gsafd
=914  \\$a1557670
=994  \\$aC0$bZPJ
=019  \\$a906020796

