=LDR  01054cam  22003498i 4500
=001  577495
=005  20170108014806.0
=008  150316s2015\\\\nyub\\\\\\\\\\000\1\eng\\
=010  \\$a  2015009698
=020  \\$a9781476780849$q(hardcover)
=020  \\$a1476780846$q(hardcover)
=035  \\$a(OCoLC)ocn895728224
=035  \\$a(OCoLC)895728224$z(OCoLC)895301785
=040  \\$aDLC$beng$erda$cDLC$dBTCTA$dBDX$dYDXCP$dOCLCO$dOCLCF$dZS3$dVP@$dIK2$dH{dollar}Y$dUtOrBLW
=042  \\$apcc
=049  \\$aH{dollar}YA
=050  00$aPS3573.E217$bS96 2015
=082  00$a813/.54$223
=100  1\$aWeber, David,$d1952-
=245  14$aThe sword of the south /$cDavid Weber.
=264  \1$aRiverdale, NY :$bBaen,$c[2015]
=300  \\$avii, 546 pages :$bmaps ;$c25 cm
=336  \\$atext$btxt$2rdacontent
=337  \\$aunmediated$bn$2rdamedia
=338  \\$avolume$bnc$2rdacarrier
=650  \0$aMagic$vFiction.
=650  \0$aWizards$vFiction.
=650  \0$aGood and evil$vFiction.
=655  \7$aFantasy fiction.$2gsafd
=914  \\$a1557677
=994  \\$aC0$bH{dollar}Y
=019  \\$a895301785

