=LDR  02040cam  2200373Ii 4500
=001  578686
=005  20160612014832.0
=008  150404t20152015miu\\\\\\\\\\\000\1\eng\d
=020  \\$a1596067039
=020  \\$a9781596067035
=020  \\$z9781596067028 (Limited edition)
=035  \\$a(OCoLC)ocn908278019
=035  \\$a(OCoLC)908278019
=040  \\$aHQD$beng$erda$cHQD$dTXA$dOCLCO$dY#4$dUtOrBLW
=082  04$a813
=090  \\$aPS3563.C3345$bB67 2015
=100  1\$aMcCammon, Robert R.,$eauthor.
=245  14$aThe Border /$cRobert McCammon.
=250  \\$aDeluxe hardcover edition.
=250  \\$aFirst edition.
=250  \\$aTrade edition.
=264  \1$aBurton, MI :$bSubterranean Press,$c2015.
=264  \4$c{copy}2015
=300  \\$a441 pages ;$c24 cm
=336  \\$atext$btxt$2rdacontent
=337  \\$aunmediated$bn$2rdamedia
=338  \\$avolume$bnc$2rdacarrier
=520  \\$aThe Border is the saga of an Earth devastated by a war between two marauding alien civilizations. But it is not just the living ships of the monstrous Gorgons or the motion-blurred shock troops of the armored Cyphers that endanger the holdouts in the human bastion of Panther Ridge. The world itself has turned against the handful of survivors, as one by one they succumb to despair and suicide or, even worse, are transformed by otherworldly pollution into hideous Gray Men, cannibalistic mutants driven by insatiable hunger. Into these desperate circumstances comes an amnesiac teenaged boy who names himself Ethan--a boy who must overcome mistrust and suspicion to master unknowable powers that may prove to be the last hope for humanity's salvation. Those same powers make Ethan a threat to the warring aliens, long used to fearing only each other, and thrust him and his comrades into ever more perilous circumstances. -- Publisher.
=650  \0$aSpace warfare$vFiction.
=650  \0$aExtraterrestrial beings$vFiction.
=650  \0$aHuman-alien encounters$vFiction.
=650  \0$aSurvival$vFiction.
=650  \0$aTeenage boys$vFiction.
=914  \\$a1560437

