=LDR  02642cam  22003978i 4500
=001  579752
=005  20170108014812.0
=008  150427s2015\\\\nyu\\\\\\\\\\\000\1\eng\\
=010  \\$a  2015016175
=020  \\$a9780765376077$q(hardcover :$qalk. paper)
=020  \\$a0765376075$q(hardcover :$qalk. paper)
=020  \\$z9781466849426$q(e-book)
=020  \\$z1466849428$q(e-book)
=035  \\$a(OCoLC)ocn908146173
=035  \\$a(OCoLC)908146173$z(OCoLC)890435647$z(OCoLC)906020861
=040  \\$aDLC$beng$erda$cDLC$dOCLCO$dWIM$dYDXCP$dBTCTA$dBDX$dOCLCQ$dIEB$dDAD$dOCLCO$dIK2$dWIM
=049  \\$aOEKA
=050  00$aPS3619.C256$bE53 2015
=082  00$a813/.6$223
=100  1\$aScalzi, John,$d1969-
=245  14$aThe end of all things /$cJohn Scalzi.
=250  \\$aFirst edition.
=264  \1$aNew York :$bTor, a Tom Doherty Associates book,$c2015.
=300  \\$a380 pages ;$c22 cm
=336  \\$atext$btxt$2rdacontent
=337  \\$aunmediated$bn$2rdamedia
=338  \\$avolume$bnc$2rdacarrier
=500  \\$a"[T]he direct sequel to 2013's The Human Division"--Publisher's web page.
=505  0\$aThe life of the mind -- This hollow union -- Can long endure -- To stand or fall -- An alternate "The life of the mind"
=520  \\$a"Humans expanded into space ... only to find a universe populated with multiple alien species bent on their destruction. Thus was the Colonial Union formed, to help protect us from a hostile universe. The Colonial Union used the Earth and its excess population for colonists and soldiers. It was a good arrangement ... for the Colonial Union. Then the Earth said: no more. Now the Colonial Union is living on borrowed time--a couple of decades at most, before the ranks of the Colonial Defense Forces are depleted and the struggling human colonies are vulnerable to the alien species who have been waiting for the first sign of weakness to drive humanity to ruin. And there's another problem: a group, lurking in the darkness of space, playing human and alien against each other--and against their own kind--for their own unknown reasons. In this collapsing universe, CDF Lieutenant Harry Wilson and the Colonial Union diplomats he works with race against the clock to discover who is behind attacks on the Union and on alien races, to seek peace with a suspicious, angry Earth, and keep humanity's union intact ... or else risk oblivion, and extinction--and the end of all things"--$cprovided by publisher.
=650  \0$aHuman-alien encounters$vFiction.
=650  \0$aSoldiers$vFiction.
=655  \7$aScience fiction.$2lcgft
=655  \7$aScience fiction.$2gsafd
=914  \\$a1562127
=994  \\$aC0$bOEK

