=LDR  02149cam  2200361 i 4500
=001  580009
=005  20170108014812.0
=008  150313s2015\\\\nyu\\\\\\\\\\\000\1\eng\\
=010  \\$a  2015009421
=020  \\$a9780804137256 (hardcover)
=020  \\$a0804137250 (hardcover)
=035  \\$a(OCoLC)ocn903634672
=040  \\$aDLC$beng$erda$cDLC$dIG#$dYDXCP$dBTCTA$dOCLCF$dOI6$dUtOrBLW
=049  \\$aZPJA
=050  00$aPS3603.L548$bA89 2015
=082  00$a813/.6$223
=084  \\$aFIC028010$aFIC028030$aFIC031000$2bisacsh
=100  1\$aCline, Ernest,$eauthor.
=245  10$aArmada :$ba novel /$cErnest Cline.
=250  \\$aFirst edition.
=264  \1$aNew York :$bCrown Publishers,$c[2015]
=300  \\$a355 pages ;$c25 cm
=336  \\$atext$btxt$2rdacontent
=337  \\$aunmediated$bn$2rdamedia
=338  \\$avolume$bnc$2rdacarrier
=520  \\$aIt's just another day of high school for Zack Lightman. He's daydreaming through another boring math class, with just one more month to go until graduation and freedom--if he can make it that long without getting suspended again. Then he glances out his classroom window and spots the flying saucer. At first, Zack thinks he's going crazy. A minute later, he's sure of it. Because the UFO he's staring at is straight out of the videogame he plays every night, a hugely popular online flight simulator called Armada--in which gamers just happen to be protecting the earth from alien invaders. But what Zack's seeing is all too real. And his skills--as well as those of millions of gamers across the world--are going to be needed to save the earth from what's about to befall it. Yet even as he and his new comrades scramble to prepare for the alien onslaught, Zack can't help thinking of all the science-fiction books, TV shows, and movies he grew up reading and watching, and wonder: Doesn't something about this scenario seem a little too... familiar?
=521  8\$a1110L$bLexile
=650  \0$aHigh school students$vFiction.
=650  \0$aHuman-alien encounters$vFiction.
=655  \7$aScience fiction.$2gsafd
=856  42$3Cover image$u9780804137256.jpg
=914  \\$a1562470
=994  \\$aC0$bZPJ

