=LDR  02504cam  2200469 i 4500
=001  581303
=005  20170508114559.0
=008  150316t20152015nyub\\\\\\\\\\000\1\eng\\
=010  \\$a  2015009056
=020  \\$a9780451466808$q(hardcover)
=020  \\$a0451466802$q(hardcover)
=020  \\$a9780451466815$q(paperback)
=020  \\$a0451466810$q(paperback)
=024  8\$a40025332153
=035  \\$a(OCoLC)ocn903763451
=035  \\$a(OCoLC)903763451$z(OCoLC)921279564
=035  \\$a647814
=040  \\$aDLC$beng$erda$cDLC$dYDX$dYDXCP$dBDX$dBTCTA$dGMP$dOCLCF$dOI6$dZHB$dJP3$dCDX$dNZWHC$dNDS$dOCLCO$dYUS$dUtOrBLW
=042  \\$apcc
=049  \\$aZPPA
=050  00$aPS3602.U85$bA68 2015
=082  00$a813/.6$223
=100  1\$aButcher, Jim,$d1971-$eauthor.
=245  14$aThe aeronaut's windlass /$cJim Butcher.
=264  \1$aNew York, New York :$bROC,$c[2015]
=264  \4$c{copy}2015
=300  \\$a630 pages :$bmaps ;$c24 cm.
=336  \\$atext$btxt$2rdacontent
=337  \\$aunmediated$bn$2rdamedia
=338  \\$avolume$bnc$2rdacarrier
=490  1\$aThe Cinder spires ;$v[bk. 1]
=520  \\$aSince time immemorial, the Spires have sheltered humanity, towering for miles over the mist-shrouded surface of the world. Within their halls, aristocratic houses have ruled for generations, developing scientific marvels, fostering trade alliances, and building fleets of airships to keep the peace. Captain Grimm commands the merchant ship, Predator. Fiercely loyal to Spire Albion, he has taken their side in the cold war with Spire Aurora, disrupting the enemy's shipping lines by attacking their cargo vessels. But when the Predator is severely damaged in combat, leaving captain and crew grounded, Grimm is offered a proposition from the Spirearch of Albion -- to join a team of agents on a vital mission in exchange for fully restoring Predator to its fighting glory. And even as Grimm undertakes this dangerous task, he will learn that the conflict between the Spires is merely a premonition of things to come. Humanity's ancient enemy, silent for more than ten thousand years, has begun to stir once more. And death will follow in its wake.
=650  \0$aAir warfare$vFiction.
=650  \0$aAirships$vFiction.
=650  \0$aPrivateering$vFiction.
=655  \7$aSteampunk fiction.$2lcgft
=655  \7$aScience fiction.$2lcgft
=655  \7$aFantasy fiction.$2lcgft
=800  1\$aButcher, Jim,$d1971-$tCinder spires;$vbk. 1.
=914  \\$a1565758
=994  \\$aC0$bZPP
=019  \\$a921279564

