=LDR  02758cam  22004698i 4500
=001  581308
=005  20170108014816.0
=008  150727s2015\\\\nyu\\\\\\\\\\\000\1\eng\\
=010  \\$a  2015028838
=020  \\$a9780765326591$q(hardcover) :$c{dollar}25.99
=020  \\$a0765326590$q(hardcover) :$c{dollar}25.99
=020  \\$a9780765326591 : HRD$c25.99
=020  \\$a0765326590 : HRD$c25.99$z9781429952088 (ebook)
=035  \\$a(OCoLC)ocn915057132
=035  \\$a(OCoLC)915057132
=040  \\$aDLC$beng$erda$cDLC$dOCLCO$dOCLCF$dOCLCO$dIEP$dOCLCO$dOCO$dQX9$dRB0$dOCLCO$dUOK$dJP3$dH{dollar}Y$dUtOrBLW
=042  \\$apcc
=049  \\$aH{dollar}YA
=050  00$aPS3553.A655$bG39 2015
=082  00$a813/.54$223
=084  \\$aFIC009010$2bisacsh
=100  1\$aCard, Orson Scott,$eauthor.
=245  10$aGatefather /$cOrson Scott Card.
=246  3\$aGate father
=250  \\$aFirst edition.
=264  \1$aNew York :$bTor,$c2015.
=300  \\$a383 pages ;$c25 cm.
=336  \\$atext$btxt$2rdacontent
=337  \\$aunmediated$bn$2rdamedia
=338  \\$avolume$bnc$2rdacarrier
=490  1\$aA novel of the Mithermages ;$v[book three]
=500  \\$a"A Tom Doherty Associates book."
=520  \\$a"In Gatefather, the third installment in the Mithermages series, author Orson Scott Card continues his fantastic tale of the Mages of Westil who live in exile on Earth. Danny North is the first gatemage to be born on Earth in nearly 2000 years, or at least the first to survive to claim his power. Families of Westil in exile on Earth have had a treaty that required the death of any suspected gatemage. The wars between the Families had been terrible, until at last they realized it was their own survival in question. But a gatemage, one who could build a Great Gate back to Westil, would give his own Family a terrible advantage over all the others, and reignite the wars. So they all had to die. And if the Families didn't kill them, the Gate Thief would-that mysterious mage who destroyed every Great Gate, and the gatemage, before it could be opened between Earth and Westil. But Danny survived. And Danny battled the Gate Thief, and won. What he didn't know at the time was that the Gate Thief had a very good reason for closing the Great Gates-and Danny has now fallen into the power of that great enemy of both Earth and Westil"--$cProvided by publisher.
=650  \0$aMagi$vFiction.
=650  \0$aFamilies$vFiction.
=650  \0$aGood and evil$vFiction.
=650  \7$aFICTION / Fantasy / Contemporary.$2bisacsh
=655  \7$aFantasy fiction.$2lcgft
=800  1\$aCard, Orson Scott.$tMithermages series ;$vbk. 3.
=856  42$3Cover image$uhttp://www.netread.com/jcusers2/bk1388/591/9780765326591/image/lgcover.9780765326591.jpg
=914  \\$a1565763
=994  \\$aC0$bH{dollar}Y

