=LDR  02005cam  22004338i 4500
=001  584596
=005  20170108014821.0
=008  150619s2015\\\\nyu\\\\\\\\\\\000\1\eng\\
=010  \\$a  2015023087
=020  \\$a9780765383082$q(hardcover :$qalk. paper)
=020  \\$a076538308X$q(hardcover :$qalk. paper)
=020  \\$a9780765383273$q(international)
=020  \\$a0765383276$q(international)
=020  \\$a9780765383181$q(leather bound limited edition)
=020  \\$a0765383187$q(leather bound limited edition)
=035  \\$a(OCoLC)ocn911255328
=040  \\$aDLC$beng$erda$cDLC$dOCLCO$dOCLCF$dQX9$dJOY$dOCLCO$dYDXCP$dABG$dOCLCO$dEYP$dZPJ$dUtOrBLW
=049  \\$aZPJA
=050  00$aPS3557.O5826$bW37 2015
=082  00$a813/.54$223
=100  1\$aGoodkind, Terry,$eauthor.
=245  10$aWarheart /$cTerry Goodkind.
=246  1\$iTitle on book jacket:$aWarheart :$bsword of truth : the conclusion
=250  \\$aFirst U.S. Edition.
=264  \1$aNew York, NY :$bTor,$c2015.
=300  \\$a463 pages ;$c25 cm.
=336  \\$atext$btxt$2rdacontent
=337  \\$aunmediated$bn$2rdamedia
=338  \\$avolume$bnc$2rdacarrier
=490  1\$aSword of truth ;$v[15]
=500  \\$a"A Tom Doherty Associates Book."
=520  \\$a"All is lost. Evil will soon consume the D'Haran Empire. Richard Rahl lies on his funeral bier. It is the end of everything. Except what isn't lost is Kahlan Amnell. Following an inner prompting beyond all reason, the last Confessor will wager everything on a final desperate gambit, and in so doing, she will change the world forever. "Warheart" is the direct sequel to, and the conclusion of, the story begun in "The Omen Machine," "The Third Kingdom," and "Severed Souls.""--Amazon.com.
=650  \0$aRahl, Richard (Fictitious character)$vFiction.
=650  \0$aAmnell, Kahlan (Fictitious character)$vFiction.
=655  \7$aFantasy fiction.$2lcgft
=800  1\$aGoodkind, Terry.$tSword of truth;$vbk. 15.
=914  \\$a1571067
=994  \\$aC0$bZPJ
=019  \\$a915740986

