=LDR  02513cam  22003978i 4500
=001  584611
=005  20170108014821.0
=008  150522t20152015nyu\\\\\\\\\\\000\1\eng\\
=010  \\$a  2015019510
=020  \\$a9780451467010 (hardcover)
=020  \\$a0451467019 (hardcover)
=035  \\$a(OCoLC)ocn910073235
=035  \\$a(OCoLC)910073235$z(OCoLC)900623735$z(OCoLC)919590865$z(OCoLC)927111568
=040  \\$aDLC$beng$erda$cDLC$dYDXCP$dBTCTA$dBDX$dNZTPP$dDAD$dOI6$dIH7$dOCLCO$dOCLCF$dOCLCO$dVP@$dFIC$dY#4$dUtOrBLW
=042  \\$apcc
=043  \\$ae-ie---
=050  00$aPR9619.3.M26755$bT69 2015
=082  00$a823/.914$223
=100  1\$aMarillier, Juliet,$eauthor.
=245  10$aTower of thorns :$ba Blackthorn & Grim novel /$cJuliet Marillier.
=263  \\$a1511
=264  \1$aNew York, New York :$bROC,$c[2015]
=264  \4$c{copy}2015
=300  \\$axi, 415 pages ;$c24 cm.
=336  \\$atext$btxt$2rdacontent
=337  \\$aunmediated$bn$2rdamedia
=338  \\$avolume$bnc$2rdacarrier
=490  1\$aBlackthorn & Grim ;$vbook 2
=520  \\$aAward-winning author Juliet Marillier's lavishly detailed * Blackthorn & Grim series continues as a mysterious creature holds an enchanted and imperiled ancient Ireland in thrall. Disillusioned healer Blackthorn and her companion, Grim, have settled in Dalriada to wait out the seven years of Blackthorn's bond to her fey mentor, hoping to avoid any dire challenges. But trouble has a way of seeking out Blackthorn and Grim. Lady Geileis, a noblewoman from the northern border, has asked for the prince of Dalriada's help in expelling a howling creature from an old tower on her land--one surrounded by an impenetrable hedge of thorns. Casting a blight over the entire district, and impossible to drive out by ordinary means, it threatens both the safety and the sanity of all who live nearby. With no ready solutions to offer, the prince consults Blackthorn and Grim. As Blackthorn and Grim begin to put the pieces of this puzzle together, it's apparent that a powerful adversary is working behind the scenes. Their quest is about to become a life and death struggle--a conflict in which even the closest of friends can find themselves on opposite sides. * Publishers Weekly
=650  \0$aMythology, Celtic$vFiction.
=650  \0$aMagic$vFiction.
=651  \0$aIreland$xHistory$yTo 1172$vFiction.
=655  \7$aFantasy fiction.$2gsafd
=655  \7$aHistorical fiction.$2gsafd
=800  1\$aMarillier, Juliet.$tBlackthorn & Grim novel;$vbk. 2.
=914  \\$a1571093

