=LDR  01469cam  22003978i 4500
=001  584617
=005  20170108014822.0
=008  150601s2015\\\\nyu\\\\\\\\\\\000\1\eng\\
=010  \\$a  2015020920
=020  \\$a9780316224000 (hardcover)
=020  \\$a0316224006 (hardcover)
=035  \\$a(OCoLC)ocn902831306
=035  \\$a(OCoLC)902831306
=040  \\$aDLC$beng$erda$cDLC$dYDXCP$dBDX$dBTCTA$dOCLCO$dJSE$dGO6$dOCLCO$dZHB$dVP@$dJP3$dJQM$dH{dollar}Y$dUtOrBLW
=042  \\$apcc
=049  \\$aH{dollar}YA
=050  00$aPS3552.E157$bK55 2015
=082  00$a813/.54$223
=100  1\$aBear, Greg,$d1951-
=245  10$aKilling Titan /$cGreg Bear.
=250  \\$aFirst edition.
=264  \1$aNew York, NY :$bOrbit,$c2015.
=300  \\$a326 pages ;$c22 cm.
=336  \\$atext$btxt$2rdacontent
=337  \\$aunmediated$bn$2rdamedia
=338  \\$avolume$bnc$2rdacarrier
=490  0\$aWar dogs trilogy
=520  \\$aAfter an enforced isolation on earth, Master Sergeant Michael Venn returns to Mars to further investigate the ancient artifacts that have suddenly awakened, but is instead led to Saturn's moon, Titan, where war is brewing between the Drifters and the Gurus.
=650  \0$aLife on other planets$vFiction.
=650  \0$aImaginary wars and battles$vFiction.
=650  \0$aExtraterrestrial beings$vFiction.
=650  \0$aHuman-alien encounters$vFiction.
=651  \0$aMars (Planet)$vFiction.
=655  \7$aScience fiction.$2gsafd
=914  \\$a1571100
=994  \\$aC0$bH{dollar}Y

