=LDR  01773cam  2200493 a 4500
=001  585080
=005  20170108014823.0
=008  740111t19741974nyub\\\\\\\\\\000\1\eng\\
=010  \\$a   73018667 
=020  \\$a0060125632
=020  \\$a9780060125639
=020  \\$a0380003821
=020  \\$a9780380003822
=020  \\$a006051275X
=020  \\$a9780060512750
=035  \\$a(OCoLC)ocm00800587 
=035  \\$a(OCoLC)800587$z(OCoLC)1236479$z(OCoLC)1251959$z(OCoLC)1474886$z(OCoLC)14992133
=040  \\$aDLC$beng$cDLC$dJED$dXY4$dBAKER$dOCLCG$dYDXCP$dMLN$dDEBBG$dORX$dIBI$dLMR$dOCLCF$dP4I$dORU$dOCLCQ$dOCLCO$dUtOrBLW
=049  \\$aOEKA
=050  \4$aPS3562.E42$bD57 1974
=082  00$a813/.5/4
=084  \\$aHU 4212$2rvk
=100  1\$aLe Guin, Ursula K.,$d1929-
=245  14$aThe dispossessed :$ban ambiguous Utopia /$cUrsula K. Le Guin.
=250  \\$a1st ed.
=260  \\$aNew York :$bHarper & Row,$c[1974], {copy}1974.
=300  \\$a341 pages :$bmaps ;$c22 cm
=336  \\$atext$btxt$2rdacontent
=337  \\$aunmediated$bn$2rdamedia
=338  \\$avolume$bnc$2rdacarrier
=520  \\$aShevek, a brilliant physicist, attempts to reunite two planets cut off from each other by centuries of distrust.
=521  8\$a820L$bLexile
=530  \\$aAlso issued online.
=650  \0$aLife on other planets$vFiction.
=650  \0$aCommunal living$vFiction.
=650  \0$aPhysicists$vFiction.
=650  \0$aAnarchism$vFiction.
=650  \0$aUtopias$vFiction.
=655  \7$aScience fiction.$2gsafd
=655  \7$aUtopian fiction.$2gsafd
=776  08$iOnline version:$aLe Guin, Ursula K., 1929-$tDispossessed.$b[1st ed.].$dNew York, Harper & Row [1974]$w(OCoLC)643657713
=856  4\$uhttp://www.levity.com/corduroy/leguin.htm
=914  \\$a1571868
=994  \\$aC0$bOEK

