=LDR  02652cam  2200517 i 4500
=001  585111
=005  20170306014512.0
=008  150126t20152015nyub\\\\\\\\\\000\f\eng\\
=010  \\$a  2015002138
=020  \\$a9780316229296$qtrade paperback
=020  \\$a0316229296$qtrade paperback
=020  \\$a9780316229296$c{dollar}   15.99
=020  \\$a0316229296$c{dollar}   15.99
=020  \\$a9780316229296$c{dollar}   15.99
=020  \\$a0316229296$c{dollar}   15.99
=020  \\$a9780316229296$c{dollar}15.99
=020  \\$a0316229296$c{dollar}15.99
=035  \\$a(OCoLC)ocn900869607
=035  \\$a(OCoLC)900869607$z(OCoLC)863324940$z(OCoLC)885211708$z(OCoLC)914283232$z(OCoLC)914325752
=040  \\$aDLC$beng$erda$cDLC$dYDX$dTOH$dYDXCP$dBTCTA$dBDX$dQX9$dOPW$dIK2$dVTL$dOCLCO$dCOO$dVP@$dGO3$dOCLCO$dIUL$dH{dollar}Y$dUtOrBLW
=042  \\$apcc
=049  \\$aH{dollar}YA
=050  00$aPS3610.E46$bF54 2015
=082  00$a813/.6$223
=100  1\$aJemisin, N. K.,$eauthor.
=245  14$aThe fifth season /$cN. K. Jemisin.
=246  3\$a5th season
=246  34$aFifth season :$bevery age must come to an end
=250  \\$aFirst edition.
=264  \1$aNew York, NY :$bOrbit,$c2015.
=264  \4$c{copy}2015
=300  \\$a498 pages :$bmap ;$c21 cm.
=336  \\$atext$btxt$2rdacontent
=337  \\$aunmediated$bn$2rdamedia
=338  \\$avolume$bnc$2rdacarrier
=490  1\$aThe broken earth ;$vbook 1
=520  \\$aThree terrible things happen in a single day. Essun, masquerading as an ordinary schoolteacher in a quiet small town, comes home to find that her husband has brutally murdered their son and kidnapped their daughter. Mighty Sanze, the empire whose innovations have been civilization's bedrock for a thousand years, collapses as its greatest city is destroyed by a madman's vengeance. And worst of all, across the heartland of the world's sole continent, a great red rift has been torn which spews ash enough to darken the sky for years. Or centuries. But this is the Stillness, a land long familiar with struggle, and where orogenes -- those who wield the power of the earth as a weapon -- are feared far more than the long cold night. Essun has remembered herself, and she will have her daughter back. She does not care if the world falls apart around her. Essun will break it herself, if she must, to save her daughter.
=650  \0$aEnd of the world$vFiction.
=650  \0$aMothers and daughters$vFiction.
=655  \7$aFantasy fiction.$2lcgft
=655  \7$aApocalyptic fiction.$2lcgft
=655  \7$aFantasy fiction.$2gsafd
=800  1\$aJemisin, N. K.$tBroken earth;$vbk. 1.
=914  \\$a1571916
=994  \\$aC0$bH{dollar}Y
=019  \\$a863324940$a885211708$a914283232$a914325752

