=LDR  02855cam  2200505 i 4500
=001  585139
=005  20170108014823.0
=008  130701s2015\\\\nyua\\\\\\\\\\000\1\eng\\
=010  \\$a  2013022193
=020  \\$a9780345533487 (hardcover : acid-free paper)
=020  \\$a0345533488 (hardcover : acid-free paper)
=020  \\$z9780345539113 (ebook)
=035  \\$a(OCoLC)ocn851572779
=035  \\$a(OCoLC)851572779$z(OCoLC)900179725$z(OCoLC)907087520$z(OCoLC)915043897$z(OCoLC)915740760$z(OCoLC)921926352
=040  \\$aDLC$beng$erda$cDLC$dYDXCP$dBTCTA$dBDX$dHQB$dFMF$dORX$dPAP$dBKL$dVP@$dUAF$dFMG$dJAG$dEYP$dABG$dTRACS$dDAD$dACP$dOCLCF$dRB0$dNDS$dOCLCO$dUtOrBLW
=042  \\$apcc
=049  \\$aZPPA
=050  00$aPS3563.A7239$bK57 2015
=082  00$a813/.54$223
=100  1\$aMartin, George R. R.,$eauthor.
=245  12$aA knight of the Seven Kingdoms /$cGeorge R. R. Martin ; illustrations by Gary Gianni.
=250  \\$aFirst edition.
=264  \1$aNew York :$bBantam Books,$c[2015]
=300  \\$a355 pages :$billustrations (some color) ;$c25 cm.
=336  \\$atext$btxt$2rdacontent
=337  \\$aunmediated$bn$2rdamedia
=338  \\$avolume$bnc$2rdacarrier
=490  1\$aA song of ice and fire ;$vprequel
=500  \\$aPrequel to: A Song of Ice and Fire series.
=505  0\$aThe Hedge knight -- The sworn word -- The Mystery Knight.
=520  \\$aTaking place nearly a century before the events of A Game of Thrones, A Knight of the Seven Kingdoms compiles the first three official prequel novellas to George R. R. Martin's ongoing masterwork, A Song of Ice and Fire. These adventures recount an age when the Targaryen line still holds the Iron Throne, and the memory of the last dragon has not yet passed from living consciousness. Before Tyrion Lannister and Podrick Payne, there was Dunk and Egg. A young, na{uml}ive but ultimately courageous hedge knight, Ser Duncan the Tall towers above his rivals -- in stature if not experience. Tagging along is his diminutive squire, a boy called Egg -- whose true name is hidden from all he and Dunk encounter. Though more improbable heroes may not be found in all of Westeros, great destinies lay ahead for these two... as do powerful foes, royal intrigue, and outrageous exploits.
=650  \0$aSeven kingdoms (Imaginary place)$vFiction.
=650  \0$aWesteros (Imaginary place)$vFiction.
=650  \0$aImaginary places$vFiction.
=650  \0$aKnights and knighthood$vFiction.
=650  \0$aPrinces$vFiction.
=655  \7$aFantasy fiction.$2gsafd
=655  \7$aEpic fiction.$2lcgft
=655  \7$aAction and adventure fiction.$2lcgft
=655  \7$aFantasy fiction.$2lcgft
=700  1\$aGianni, Gary,$eillustrator.
=800  1\$aMartin, George R. R.$tSong of ice and fire.
=914  \\$a1571947
=994  \\$aC0$bZPP
=019  \\$a900179725$a907087520$a915043897$a915740760$a921926352

