=LDR  02909cam  2200493 i 4500
=001  586359
=005  20170207175829.0
=008  150430r20152008nyu\\\\\\b\\\\001\1\eng\\
=010  \\$a  2015016174
=020  \\$a9780765377081 (hardback)
=020  \\$a076537708X (hardback)
=020  \\$z9781466853430 (e-book)
=020  \\$a9780765377081$c{dollar}   25.99
=020  \\$a076537708X$c{dollar}   25.99
=035  \\$a(OCoLC)ocn908448204
=035  \\$a(OCoLC)908448204$z(OCoLC)890435661$z(OCoLC)908284456
=035  \\$a710058
=040  \\$aDLC$beng$erda$cDLC$dYDX$dYDXCP$dBTCTA$dBDX$dOPW$dBUR$dRB0$dCOO$dY#4$dUtOrBLW
=041  1\$aeng$hchi
=042  \\$apcc
=050  00$aPL2947.C59$bD37 2015
=082  00$a895.13/52$223
=084  \\$aFIC028000$2bisacsh
=100  1\$aLiu, Cixin,$eauthor.
=245  14$aThe dark forest /$cCixin Liu ; translated by Joel Martinsen.
=250  \\$aFirst Edition.
=264  \1$aNew York :$bTor, A Tom Doherty Associates Book,$c2015.
=264  \4$c{copy}2008
=300  \\$a512 pages ;$c25 cm.
=336  \\$atext$btxt$2rdacontent
=337  \\$aunmediated$bn$2rdamedia
=338  \\$avolume$bnc$2rdacarrier
=490  0\$aThree-Body Trilogy ;$vBook II
=500  \\$a"The sequel to the bestselling Chinese science fiction novel The Three-Body Problem"--Jacket.
=504  \\$aIncludes bibliographical references and index.
=520  \\$a"With the scope of Dune and the rousing action of Independence Day, this near-future trilogy is the first chance for English-speaking readers to experience this multple-award-winning phenemonenon from China's most beloved science fiction author. In Dark Forest, Earth is reeling from the revelation of a coming alien invasion--in just four centuries' time. The aliens' human collaborators may have been defeated, but the presence of the sophons, the subatomic particles that allow Trisolaris instant access to all human information, means that Earth's defense plans are totally exposed to the enemy. Only the human mind remains a secret. This is the motivation for the Wallfacer Project, a daring plan that grants four men enormous resources to design secret strategies, hidden through deceit and misdirection from Earth and Trisolaris alike. Three of the Wallfacers are influential statesmen and scientists, but the fourth is a total unknown. Luo Ji, an unambitious Chinese astronomer and sociologist, is baffled by his new status. All he knows is that he's the one Wallfacer that Trisolaris wants dead"-- Provided by publisher.
=650  \7$aFICTION / Science Fiction / General.$2bisacsh
=650  \0$aHuman-alien encounters$vFiction.
=650  \0$aImaginary wars and battles$vFiction.
=655  \7$aScience fiction.$2gsafd
=655  \7$aScience fiction.$2lcgft
=700  1\$aLiu, Ken,$d1976-$etranslator.
=856  42$3Cover image$uhttp://www.netread.com/jcusers2/bk1388/081/9780765377081/image/lgcover.9780765377081.jpg
=914  \\$a1573674

