=LDR  01773cam  2200349Ii 4500
=001  586429
=005  20160612015529.0
=008  141106t20152014nyuab\\\\\\\\\000\1\eng\d
=020  \\$a9780553392913$q(paperback)
=020  \\$a0553392913
=035  \\$a(OCoLC)ocn894935272
=035  \\$a(OCoLC)894935272
=040  \\$aBTCTA$beng$cBTCTA$dTDS$dE9G$dUtOrBLW
=049  \\$aE9GA
=082  04$a813/.54$223
=100  1\$aHobb, Robin,$eauthor.
=245  10$aFool's Assassin /$cRobin Hobb.
=250  \\$aDel Rey mass market edition.
=264  \1$aNew York :$bDel Rey,$c2015.
=264  \4$c{copy}2014
=300  \\$a689 pages :$billustrations, maps ;$c18 cm.
=336  \\$atext$btxt$2rdacontent
=337  \\$aunmediated$bn$2rdamedia
=338  \\$avolume$bnc$2rdacarrier
=490  1\$aFitz and the fool trilogy ;$vBook 1
=520  \\$a"FitzChivalry Farseer--royal bastard and former king's assassin--has left his life of intrigue behind. As far as the rest of the world knows, he is dead and buried. Masquerading as Tom Badgerlock, Fitz is now married to his childhood sweetheart, Molly, and leading the quiet life of a country squire. And though he is haunted by the disappearance of his uncanny friend, the Fool, who did so much to shape Fitz into the man he has become, such private hurts are put aside in the business of daily life. But the appearance of menacing, pale-skinned strangers suddenly casts a sinister shadow over Fitz's past--and his future. Now, to protect his new life, the former assassin must once again take up his old one..." -- Page [4] cover.
=650  \0$aAssassins$vFiction.
=650  \0$aMissing persons$vFiction.
=655  \7$aFantasy fiction.$2gsafd
=800  1\$aHobb, Robin.$tFitz and the fool trilogy ;$vbk. 1.
=914  \\$a1573795
=994  \\$aC0$bE9G

