=LDR  01925cam  2200421Ii 4500
=001  586481
=005  20170407015029.0
=008  150827s2015\\\\nyu\\\\\\\\\\\000\1\eng\d
=020  \\$a9780345511621$q(hardcover)
=020  \\$a034551162X$q(hardcover)
=020  \\$a9780345511621$c{dollar}   28.00
=020  \\$a034551162X$c{dollar}   28.00
=020  \\$a9780345511621 : HRD$c28.00
=020  \\$a034551162X : HRD$c28.00
=035  \\$a(OCoLC)ocn919285739
=035  \\$a(OCoLC)919285739
=040  \\$aVTL$beng$cVTL$dVTL$dOCLCO$dOI6$dOCLCQ$dOCLCO$dIK2$dYDXCP$dUtOrBLW
=049  \\$aOEKA
=082  04$a813/.6$223
=100  1\$aWendig, Chuck,$eauthor.
=245  10$aStar wars, aftermath /$cChuck Wendig.
=246  30$aAftermath
=250  \\$aFirst edition.
=264  \1$aNew York :$bDel Rey,$c[2015]
=264  \4$c{copy}2015
=300  \\$a379 pages ;$c25 cm.
=336  \\$atext$btxt$2rdacontent
=337  \\$aunmediated$bn$2rdamedia
=338  \\$avolume$bnc$2rdacarrier
=490  1\$aAftermath trilogy ;$vbook 1
=500  \\$a"Journey to Star Wars, the Force awakens"--Jacket.
=520  \\$aAs the Empire reels from its critical defeats at the Battle of Endor, the Rebel Alliance--now a fledgling New Republic--presses its advantage by hunting down the enemy's scattered forces before they can regroup and retaliate. Out on a lone reconnaissance mission, pilot Wedge Antilles watches Imperial Star Destroyers gather like birds of prey circling for a kill, but he's taken captive before he can report back to the New Republic leaders. Determined to preserve the Empire's power, the surviving Imperial elite are converging on Akiva for a top secret emergency summit--to consolidate their forces and rally for a counterstrike.
=650  \0$aSpace warfare$vFiction.
=650  \0$aStar Wars fiction.
=655  \7$aScience fiction.$2lcgft
=800  1\$aWendig, Chuck.$tAftermath trilogy ;$vbk. 1.
=914  \\$a1573883
=994  \\$aC0$bOEK

