=LDR  02068cam  22003618i 4500
=001  587691
=005  20170108014830.0
=008  150619s2015\\\\nyu\\\\\\\\\\\000\1\eng\\
=010  \\$a  2015023075
=020  \\$a9780765379504$q(hardcover : alk. paper)
=020  \\$a0765379503$q(hardcover : alk. paper)
=035  \\$a(OCoLC)ocn911255277
=035  \\$a(OCoLC)911255277$z(OCoLC)898418952
=040  \\$aDLC$beng$erda$cDLC$dYDXCP$dBTCTA$dBDX$dWIM$dIGA$dOCLCO$dOPW$dIH9$dVP@$dUtOrBLW
=049  \\$aOEKA
=050  00$aPS3552.O84$bD43 2015
=082  00$a813/.54$223
=100  1\$aBova, Ben,$d1932-
=245  10$aDeath wave /$cBen Bova.
=250  \\$aFirst edition.
=263  \\$a1511
=264  \1$aNew York, NY :$bTom Doherty Associates, LLC,$c2015.
=300  \\$a411 pages ;$c22 cm
=336  \\$atext$btxt$2rdacontent
=337  \\$aunmediated$bn$2rdamedia
=338  \\$avolume$bnc$2rdacarrier
=500  \\$a"A Tor Book."
=520  \\$a"In Ben Bova's previous novel New Earth, Jordan Kell led the first human mission beyond the solar system. They discovered the ruins of an ancient alien civilization. But one alien AI survived, and it revealed to Jordan Kell that an explosion in the black hole at the heart of the Milky Way galaxy has created a wave of deadly radiation, expanding out from the core toward Earth. Unless the human race acts to save itself, all life on Earth will be wiped out. When Kell and his team return to Earth, many years after their departure, they find that their world has changed almost beyond recognition. Not only has a second wave of greenhouse flooding caused sea levels to rise, but society has been changed by the consequences of the climate shift. Few people want to face Jordan Kell's news. He must convince Earth's new rulers that the human race is in danger of extinction unless it acts to forestall the death wave coming from the galaxy's heart" --$cprovided by publisher.
=650  \0$aRadiation$vFiction.
=650  \0$aClimatic changes$vFiction.
=655  \7$aScience fiction.$2lcgft
=914  \\$a1575999
=994  \\$aC0$bOEK

