=LDR  02013cam  2200409Ii 4500
=001  590000
=005  20170111111432.0
=008  150709s2015\\\\enkb\\\\\\\\\\000\f\eng\d
=020  \\$a9781481442558 (hc.)
=020  \\$a1481442554 (hc.)
=020  \\$a9781481427777 (pbk.)
=020  \\$a1481427776 (pbk.)
=035  \\$a(OCoLC)ocn913535184
=035  \\$a(OCoLC)913535184
=035  \\$a585928
=035  \\$a703118
=040  \\$aBKL$beng$erda$cBKL$dBKL$dORX$dOCLCO$dIUI$dOCLCO$dY#4$dUtOrBLW
=082  04$a813.6$223
=100  1\$aLeicht, Stina.
=245  10$aCold iron /$cStina Leicht.
=250  \\$aFirst Saga Press hardcover edition.
=264  \1$aLondon ;$aSydney ;$aNew York ;$aToronto ;$aNew Delhi :$bSaga Press,$c2015.
=300  \\$a657 pages :$bmaps ;$c22 cm.
=336  \\$atext$btxt$2rdacontent
=336  \\$astill image$bsti$2rdacontent
=336  \\$acartographic image$bcri$2rdacontent
=337  \\$aunmediated$bn$2rdamedia
=338  \\$avolume$bnc$2rdacarrier
=490  1\$aThe Malorum Gates ;$vBook 1
=520  \\$aPrince Nels is the scholarly runt of the ancient Kainen royal family of Eledore, disregarded as flawed by the king and many others. Only Suvi, his fraternal twin sister, supports him. When Nels is ambushed by an Acrasian scouting party, he does the forbidden for a member of the ruling family: He picks up a fallen sword and defends himself. Disowned and dismissed to the military, Nels establishes himself as a leader as Eledore begins to shatter under the attack of the Acrasians, who the Kainen had previously dismissed as barbarians. But Nels knows differently, and with the aid of Suvi, who has allied with pirates, he mounts a military offensive with sword, canon, and what little magic is left in the world.
=650  \0$aImaginary wars and battles$vFiction.
=650  \0$aMagic$vFiction.
=650  \0$aTwins$vFiction.
=650  \0$aGood and evil$vFiction.
=655  \7$aFantasy fiction.$2lcgft
=800  1\$aLeicht, Stina.$tMalorum Gates ;$vbk. 1.
=914  \\$a1579890

