=LDR  01775cam  2200433 i 4500
=001  591718
=005  20170407015057.0
=008  160106s2015\\\\nyuaf\\\\\\\\\000\1\eng\\
=010  \\$a  2015373185
=020  \\$a9781101965498 (hardcover : acid-free paper)
=020  \\$a1101965495 (hardcover : acid-free paper)
=035  \\$a(OCoLC)ocn922929423
=035  \\$a(OCoLC)922929423$z(OCoLC)910979641$z(OCoLC)911063793$z(OCoLC)919594101$z(OCoLC)933719880
=040  \\$aDLC$beng$erda$cDLC$dNZTPP$dTOH$dBTCTA$dBDX$dYDXCP$dJQM$dIJ5$dZHB$dIFJ$dORX$dOCLCO$dZRK$dUtOrBLW
=042  \\$apcc
=049  \\$aZRKA
=050  00$aPS3556.O756$bS755 2015
=082  00$a813/.54$223
=100  1\$aFoster, Alan Dean,$d1946-$eauthor.
=245  10$aStar wars :$bthe force awakens /$cAlan Dean Foster.
=246  30$aForce awakens
=250  \\$aFirst edition.
=264  \1$aNew York :$bDel Rey,$c[2015]
=300  \\$a260 pages, 8 unnumbered pages of plates :$bcolor illustrations ;$c25 cm.
=336  \\$atext$btxt$2rdacontent
=337  \\$aunmediated$bn$2rdamedia
=338  \\$avolume$bnc$2rdacarrier
=490  1\$aStar wars
=500  \\$a"Screenplay written by Lawrence Kasdan & J.J. Abrams and Michael Arndt ; based on characters created by George Lucas."
=520  \\$aThe official novelization of Star Wars: The Force Awakens, the highly anticipated blockbuster film directed by J. J. Abrams, released in theaters December 2015.
=650  \0$aLife on other planets$vFiction.
=650  \0$aSpace warfare$vFiction.
=655  \0$aStar wars fiction.
=655  \7$aScience fiction.$2gsafd
=730  0\$aStar Wars, episode VII, the force awakens (Motion picture)
=830  \0$aStar wars.
=914  \\$a1582937
=994  \\$aC0$bZRK
=019  \\$a910979641$a911063793$a919594101$a933719880

