=LDR  01614cam  2200397Ii 4500
=001  593822
=005  20170108014841.0
=008  141229s2016\\\\nyuab\\\\\\\\\000\1\eng\d
=020  \\$a0765378574$q(hardcover)
=020  \\$a9780765378576$q(hardcover)
=020  \\$z9780765387790$q(international)
=020  \\$z9780765386014$q(limited edition)
=020  \\$z9781466862678$q(e-book)
=035  \\$a(OCoLC)ocn898910973
=035  \\$a(OCoLC)898910973$z(OCoLC)930776988
=040  \\$aYDXCP$beng$erda$cYDXCP$dBTCTA$dBDX$dOCLCQ$dGK8$dGMP$dOCLCO$dOCLCF$dOCLCO$dTOH$dFLWMD$dGK5$dOCLCO$dOI6$dOCLCO$dIK2$dABG$dOCLCO$dE9G$dUtOrBLW
=049  \\$aE9GA
=050  14$aPS3619.A533$bB36 2016
=082  04$a813/.6$223
=100  1\$aSanderson, Brandon,$eauthor.
=245  14$aThe bands of mourning :$ba Mistborn novel /$cBrandon Sanderson.
=250  \\$aFirst U.S. edition.
=264  \1$aNew York :$bTor,$c2016.
=300  \\$a447 pages :$billustrations, maps ;$c25 cm.
=336  \\$atext$btxt$2rdacontent
=337  \\$aunmediated$bn$2rdamedia
=338  \\$avolume$bnc$2rdacarrier
=490  1\$aA Mistborn novel
=500  \\$a"A Tom Doherty Associates book."
=520  \\$aWhen a researcher returns to Elendel with images of a mythical Lord Ruler artifact, believed to grant wearers his power, Waxillium Ladrian conducts an investigation in the southern city of New Seran, where he makes unsettling discoveries about the true goals of The Set.
=650  \0$aMagic$vFiction.
=655  \7$aFantasy fiction.$2lcgft
=800  1\$aSanderson, Brandon.$tMistborn.
=914  \\$a1585895
=994  \\$aC0$bE9G
=019  \\$a930776988

