=LDR  02382cam  22004098i 4500
=001  593826
=005  20170108014842.0
=008  150817s2016\\\\nyub\\\\\\\\\\000\1\eng\\
=010  \\$a  2015031486
=020  \\$a9780765319760$q(hardback)
=020  \\$a0765319764$q(hardback)
=035  \\$a(OCoLC)ocn918940816
=035  \\$a(OCoLC)918940816$z(OCoLC)907650941
=040  \\$aDLC$beng$erda$cDLC$dYDXCP$dBTCTA$dBDX$dIK2$dH{dollar}Y$dUtOrBLW
=042  \\$apcc
=049  \\$aH{dollar}YA
=050  00$aPS3573.E3978$bD65 2016
=082  00$a813/.54$223
=084  \\$aFIC009020$2bisacsh
=100  1\$aWeis, Margaret.
=245  10$aDoom of the dragon /$cMargaret Weis and Tracy Hickman.
=250  \\$aFirst Edition.
=264  \1$aNew York, NY :$bTom Doherty Associates, LLC,$c2016.
=300  \\$a396 pages :$bmap ;$c24 cm.
=336  \\$atext$btxt$2rdacontent
=337  \\$aunmediated$bn$2rdamedia
=338  \\$avolume$bnc$2rdacarrier
=490  1\$aDragonships
=500  \\$a"A Tom Doherty Associates Book"
=520  \\$a"In three previous novels, Skylan Ivorson overcame obstacles that would have defeated a lesser man, rising from obscurity to become the Chief of Chiefs of the fearsome Vindrasi who sail their living dragonships far and wide to raid and plunder for the glory of the gods. However, a cruel twist of fate struck him down before he and his beloved could complete their quest for the five sacred dragonbones that would summon the great dragon Ilyrion and save their people from destruction at the hands of an evil god. But even true death is denied him, and his destiny is unfulfilled. Caught between life and death, he must lead those who journeyed with him to battle the evil god and the vast army of the god and his human emperor. Skylan must fight as he never has before to win back his life and his love, while seeking the last Spiritbone the key to summoning the ultimate victory--before it can be snatched away by the forces of evil. Weis and Hickman have crafted a pulse-pounding fantasy adventure that brings this great saga to a rousing, satisfying conclusion that will stir the passions of their legions of fans"--$cProvided by publisher.
=650  \7$aFICTION / Fantasy / Epic.$2bisacsh
=655  \7$aFantasy fiction.$2lcgft
=700  1\$aHickman, Tracy.
=800  1\$aWeis, Margaret.$tDragonships.
=914  \\$a1585899
=994  \\$aC0$bH{dollar}Y
=019  \\$a907650941

