=LDR  02383cam  22004938i 4500
=001  593922
=005  20160612020211.0
=008  151112t20162015nyua\\\\\\\\\\000\1\eng\\
=010  \\$a  2015039675
=020  \\$a9781476781228 (hardcover)
=020  \\$a1476781222 (hardcover)
=020  \\$a9781476781785 (hardcover : special signed limited edition)
=020  \\$a1476781788 (hardcover : special signed limited edition)
=035  \\$a(OCoLC)ocn932116010
=035  \\$a(OCoLC)932116010
=040  \\$aDLC$beng$erda$cDLC$dOCLCF$dOCLCO$dTUL$dNYP$dOCLCO$dH{dollar}Y$dUtOrBLW
=042  \\$apcc
=049  \\$aH{dollar}YA
=050  00$aPS3552.U397$bG46 2016
=082  00$a813/.54$223
=084  \\$aFIC028030$aFIC028010$aFIC028000$2bisacsh
=100  1\$aBujold, Lois McMaster,$eauthor.
=245  10$aGentleman Jole and the Red Queen /$cLois McMaster Bujold.
=263  \\$a1602
=264  \1$aRiverdale, NY :$bBaen,$c[2016]
=264  \4$c{copy}2015
=300  \\$a344 pages :$bcolor illustration ;$c25 cm.
=336  \\$atext$btxt$2rdacontent
=337  \\$aunmediated$bn$2rdamedia
=338  \\$avolume$bnc$2rdacarrier
=490  1\$aVorkosigan saga
=500  \\$a"A Baen Books original"--Title page verso.
=520  \\$a"Three years after her famous husband's death, Cordelia Vorkosigan, Vicereine of Sergyar, stands ready to spin her life in a new direction. Oliver Jole, Admiral, Sergyar Fleet, finds himself caught up in her web of plans in ways he'd never imagined. Meanwhile, Miles Vorkosigan, one of Emperor Gregor's key investigators, this time dispatches himself on a mission, into a mystery he never anticipated--his own mother. Plans, wills, and expectations collide as the impact of galactic technology on the range of the possible changes all the old rules and Miles learns that not only is the future not what he expects, neither is the past"--$cProvided by publisher.
=650  \0$aVorkosigan, Miles (Fictitious character)$vFiction.
=650  \0$aLife on other planets$vFiction.
=650  \7$aFICTION / Science Fiction / Space Opera.$2bisacsh
=650  \7$aFICTION / Science Fiction / Adventure.$2bisacsh
=650  \7$aFICTION / Science Fiction / General.$2bisacsh
=655  \7$aScience fiction.$2gsafd
=655  \7$aFantasy fiction.$2gsafd
=800  1\$aBujold, Lois McMaster.$tVorkosigan adventure.
=830  \0$aVorkosigan saga.
=914  \\$a1586008
=994  \\$aC0$bH{dollar}Y

