=LDR  01901cam  22003978i 4500
=001  594570
=005  20170108014844.0
=008  160111s2016\\\\nyua\\\\\\\\\\000\1\eng\\
=010  \\$a  2015048261
=020  \\$a9780345539847 (hardcover : acid-free paper)
=020  \\$a0345539842 (hardcover : acid-free paper)
=020  \\$z9780345539854 (ebook)
=035  \\$a(OCoLC)ocn934627817
=040  \\$aDLC$beng$erda$cDLC$dOCLCO$dIEB$dABG$dOCLCO$dYDXCP$dCDX$dZPJ$dUtOrBLW
=049  \\$aZPJA
=050  00$aPS3602.R7226$bM67 2016
=082  00$a813/.6$223
=084  \\$aFIC028010$aFIC028020$2bisacsh
=100  1\$aBrown, Pierce,$d1988-$eauthor.
=245  10$aMorning star /$cPierce Brown.
=250  \\$aFirst edition.
=264  \1$aNew York :$bDel Rey,$c[2016]
=264  \4$c{copy}2016
=300  \\$axiv, 524 pages :$billustration ;$c25 cm.
=336  \\$atext$btxt$2rdacontent
=337  \\$aunmediated$bn$2rdamedia
=338  \\$avolume$bnc$2rdacarrier
=490  1\$aThe Red Rising trilogy ;$vbook 3
=520  \\$a"The conclusion of the Red Rising trilogy. Born a lowly Red in the mines of Mars, Darrow lost his beloved wife to the treacherous Gold overlords. Vowing to fight for the future that his wife believed in, Darrow joins a secret revolutionary group and is remade into a Gold so that he can infiltrate the ruling class and bring them down from the inside. Now, after years of hiding amongst the Golds, Darrow is finally ready to declare open revolution and throw off the chains of oppression. Nothing in Darrow's world has been easily won, and this final fight will be the most harrowing of all"--$cProvided by publisher.
=650  \0$aGovernment, Resistance to$vFiction.
=655  \7$aScience fiction.$2lcgft
=655  \7$aDystopias.$2gsafd
=800  1\$aBrown, Pierce,$d1988-$tRed Rising trilogy;$vbk. 3.
=856  42$3Cover image$u9780345539847.jpg
=914  \\$a1587151
=994  \\$aC0$bZPJ

