=LDR  02181cam  2200409Ii 4500
=001  599075
=005  20160612020649.0
=008  150715t20162016wau\\\\\\\\\\\000\1\eng\d
=019  \\$a930777299
=020  \\$a9780786965915$q(hardcover)
=020  \\$a0786965916$q(hardcover)
=035  \\$a(OCoLC)ocn913844806
=035  \\$a(OCoLC)913844806$z(OCoLC)930777299
=040  \\$aYDXCP$beng$erda$cYDXCP$dBTCTA$dOCLCQ$dQX9$dBDX$dWIM$dFLWMD$dMQO$dIEB$dOI6$dJQM$dOCLCO$dUtOrBLW
=049  \\$aZPPA
=050  \4$aPS
=082  04$a[Fic]
=100  1\$aSalvatore, R. A.,$d1959-
=245  10$aMaestro /$cR.A. Salvatore.
=246  1\$iAt head of cover title:$aDungeons & dragons forgotten realms
=246  1\$iAt head of title:$aForgotten realms
=264  \1$aRenton, WA :$bWizards Of The Coast LLC,$c[2016]
=264  \4$c{copy}2016
=300  \\$a330 pages ;$c25 cm.
=336  \\$atext$btxt$2rdacontent
=337  \\$aunmediated$bn$2rdamedia
=338  \\$avolume$bnc$2rdacarrier
=490  1\$aHomecoming ;$vbook II
=520  \\$aSomething terrible, unspeakable, immense, has come to Menzoberranzan and is leaving death and destruction in its wake. The primordial of Gauntlgrym stirs, sending Cattie-brie and Gromph to Luskan, and the ruins of the only power that can keep the beast in check. The damage of the Darkening, of war, and of a demon-ravaged Underdark has sent cracks out across the North. Some of this damage may never be repaired. And Drizzt is going home. But not to Mithral Hall. Not to Icewind Dale. He's going to Menzoberranzan. Bruenor is ready to march with him bringing along an army of dwarves to end the scourge of Menzoberranzan, but Drizzt needs to see what's happening there. The dwarf army may not be necessary. The City of Spiders might already have fallen to the demons and their wicked prince. But even if that's true, what's to say the demons will stop there?
=650  \0$aDrizzt Do'Urden (Fictitious character)$vFiction.
=650  \0$aWizards$vFiction.
=650  \0$aElves$vFiction.
=650  \0$aDemonology$vFiction.
=655  \7$aFantasy fiction.$2lcgft
=800  1\$aSalvatore, R. A.,$d1959-$tHomecoming ;$vbk. 2.
=914  \\$a1594307
=994  \\$aC0$bZPP

