=LDR  02309cam  2200409 i 4500
=001  640424
=005  20170108014922.0
=008  160222s2016\\\\nyuab\\\\\\\\\000\1\eng\\
=010  \\$a  2016003328
=020  \\$a9780345540829$qhardcover ;$qalkaline paper
=020  \\$a0345540824$qhardcover ;$qalkaline paper
=020  \\$z9780345540836 (e-book)
=035  \\$a(OCoLC)ocn940795176
=035  \\$a597250
=040  \\$aDLC$erda$beng$cDLC$dYDX$dOCLCF$dQX9$dIUK$dAPL$dCDX$dKA7$dYDXCP$dVP@$dATPTT
=049  \\$aZPJA
=050  00$aPS3552.R6596$bS67 2016
=082  00$a813/.54$223
=084  \\$aFIC009020$aFIC002000$aFIC028010$2bisacsh
=100  1\$aBrooks, Terry,$eauthor.
=245  14$aThe sorcerer's daughter :$bthe defenders of Shannara /$cTerry Brooks.
=250  \\$aFirst edition.
=264  \1$aNew York :$bDel Rey,$c[2016]
=300  \\$a334 pages :$billustrations, map ;$c25 cm.
=336  \\$atext$btxt$2rdacontent
=337  \\$aunmediated$bn$2rdamedia
=338  \\$avolume$bnc$2rdacarrier
=490  1\$aDefenders of Shannara ;$v3
=520  \\$a"The inspiration for the epic MTV series, the world of Shannara is brimming with untold stories and unexplored territory. Now bestselling author Terry Brooks breaks new ground with a standalone adventure that's sure to thrill veteran readers and recent converts alike"--$cProvided by publisher.
=520  \\$a"In this, the third stand-alone Shannara novel in the Defenders of Shannara series (following The High Druid's Blade and The Darkling Child), the daughter of a reviled sorcerer, Leofur is nothing like her dreaded father. When her life-partner, Paxon Leah, leaves on a dangerous mission, Leofur protects Paxon's sister. When she is abducted Leofur is forced to choose between saving Paxon from a mission gone badly awry, or hiring the services of the best tracker in the world to go after her life-partner's sister"--$cProvided by publisher.
=650  \0$aShannara (Imaginary place)$vFiction.
=650  \0$aFantasy fiction, American.
=655  \7$aFantasy fiction.$2gsafd
=776  08$iOnline version:$aBrooks, Terry, author.$tSorcerer's daughter$bFirst edition.$dNew York : Del Rey, [2016]$z9780345540836$w(DLC) 2016009539
=800  1\$aBrooks, Terry.$tDefenders of Shannara.
=856  42$3Cover image$u9780345540829.jpg
=994  \\$aC0$bZPJ

