=LDR  02191cam  2200337Ia 4500
=001  643192
=005  20160629144057.0
=008  160419s2016\\\\nyu\\\\\\\\\\\000\f\eng\d
=020  \\$a9781481479677$q(hardcover)
=020  \\$a1481479679$q(hardcover)
=035  \\$a(OCoLC)948573072$z(OCoLC)932386277
=035  \\$a(OCoLC)ocn948573072
=035  \\$a608195
=040  \\$aTOH$beng$cTOH$dYDXCP$dBTCTA$dBDX$dHBP$dUPZ$dOCLCO$dOI6$dWIM$dOCLCO
=049  \\$aOEKA
=082  04$a813.54$223
=100  1\$aBaxter, Stephen,$eauthor.
=245  14$aThe Medusa chronicles :$ba novel /$cby Stephen Baxter, Alastair Reynolds.
=260  \\$aNew York :$bSaga Press,$c2016.
=300  \\$a412 pages ;$c22 cm.
=520  \\$a"A sequel to Sir Arthur C. Clarke's Nebula Award-winning novella "A Meeting with Medusa," this novel continues the thrilling adventure of astronaut Howard Falcon, humanity|s first explorer of Jupiter from two modern science fiction masters. Howard Falcon almost lost his life in an accident as the first human astronaut to explore the atmosphere of Jupiter|and a combination of human ingenuity and technical expertise brought him back. But he is no longer himself. Instead, he has been changed into an augmented human: part man, part machine, and exceptionally capable. With permission from the Clarke Estate, Stephen Baxter and Alastair Reynolds continue this beloved writer|s enduring vision and have created a fresh story for new readers. The Medusa Chronicles charts Falcon|s journey through the centuries granted by his new body, but always back to mysteries of Jupiter and the changing interaction between humanity and the universe. A compelling read full of incredible action right from the beginning, this is a modern classic in the spirit of 2001 and The Martian."--Amazon.
=650  \0$aAstronauts$vFiction.
=651  \0$aJupiter (Planet)$vFiction.
=655  \7$aScience fiction.$2lcgft
=700  1\$aReynolds, Alastair,$d1966-$eauthor.
=700  1\$aClarke, Arthur C.$q(Arthur Charles),$d1917-2008.$tMeeting with Medusa.
=336  \\$atext$btxt$2rdacontent
=337  \\$aunmediated$bn$2rdamedia
=338  \\$avolume$bnc$2rdacarrier
=994  \\$aC0$bOEK
=019  \\$a932386277

