=LDR  02203cam  2200469Ii 4500
=001  651545
=005  20161025093027.0
=007  ta\||||||||||||||||||||
=008  160125s2016\\\\nyu\\\\\\\\\\\000\1\eng\d
=020  \\$a9781101966938 (hbk. : alk. paper)
=020  \\$a1101966939 (hbk. : alk. paper)
=020  \\$z9781101966945$q(ebook)
=020  \\$a9781101966938 : HRD$c28.99
=020  \\$a1101966939 : HRD$c28.99
=035  \\$a(OCoLC)945961054$z(OCoLC)922155732$z(OCoLC)922454718$z(OCoLC)945793097
=035  \\$a(OCoLC)ocn945961054
=035  \\$a617580
=040  \\$aTRACS$beng$cTRACS$dBTCTA$dYDXCP$dBDX$dJBO$dJTH$dZRQ
=049  \\$aZRQA
=050  14$aPS3623.E533$bS732 2016
=082  04$a813/.6$223
=100  1\$aWendig, Chuck,$eauthor.
=245  10$aStar wars :$baftermath : life debt /$cChuck Wendig.
=246  30$aLife debt
=246  30$aAftermath :$blife debt
=250  \\$aFirst edition.
=264  \1$aNew York :$bDel Rey,$c[2016]
=264  \4$c{copy}2016
=300  \\$a430 pages ;$c25 cm.
=336  \\$atext$2rdacontent
=337  \\$aunmediated$2rdamedia
=338  \\$avolume$2rdacarrier
=490  1\$aAftermath trilogy ;$vbk. 2
=520  \\$aIn the aftermath of the destruction of the second Death Star and the defeat of the Emperor and Darth Vader, Han Solo and Chewbacca set out to liberate the Wookiee's homeworld of Kashyyyk. Meanwhile, Norra Wexley and her band of Imperial hunters pursue the Empire's remaining leadership across the galaxy, bringing them to justice. Wexley abandons her official mission when she receives news that Chewie has been captured and Han has disappeared. Norra and her crew race toward the Millennium Falcon's last known location, but they can't anticipate the true depth of the danger that awaits them -- or the ruthlessness of the enemy drawing them into his crosshairs. --$cadapted from book jacket.
=600  10$aSolo, Han$c(Fictitious character)$vFiction.
=650  \0$aSpace warfare$vFiction.
=650  \0$aLife on other planets$vFiction.
=650  \0$aStar Wars fiction.
=655  \7$aScience fiction.$2lcgft
=800  1\$aWendig, Chuck.$tAftermath trilogy ;$vbk. 2.
=994  \\$aC0$bZRQ
=019  \\$a922155732$a922454718$a945793097

