=LDR  01701cam  2200361Ii 4500
=001  652914
=005  20160721172228.0
=008  160304t20162015miu\\\\e\\\\\\000\1\eng\d
=020  \\$a9781596067691$q(hardcover)
=020  \\$a1596067691$q(hardcover)
=020  \\$a9781596067691 : HRD$c25.00
=020  \\$a1596067691 : HRD$c25.00
=035  \\$a(OCoLC)943593808
=035  \\$a(OCoLC)ocn943593808
=035  \\$a609968
=040  \\$aYDXCP$beng$cYDXCP$dBTCTA$dBDX$dNTG$dMR0$dOCLCO
=049  \\$aOEKA
=082  04$a813/.54$223
=100  1\$aBujold, Lois McMaster,$eauthor.
=245  10$aPenric's demon :$ba fantasy novella in the world of the five gods /$cLois McMaster Bujold.
=250  \\$aFirst hardcover edition, Deluxe hardcover edition.
=300  \\$a183 pages ;$c21 cm
=520  \\$aOn his way to his betrothal, young Lord Penric comes upon a riding accident with an elderly lady on the ground, her maidservant and guardsmen distraught. As he approaches to help, he discovers that the lady is a Temple divine, servant to the five gods of this world. Her avowed god is The Bastard, "master of all disasters out of season," and with her dying breath she bequeaths her mysterious powers to Penric. From that moment on, Penric's life is irreversibly changed, and his life is in danger from those who envy or fear him.
=650  \0$aMagic$vFiction.
=650  \0$aImaginary places$vFiction.
=650  \0$aNobility$vFiction.
=655  \7$aFantasy fiction.$2lcgft
=264  \1$aBurton, MI :$bSubterranean Press,$c2016.
=264  \4$c{copy}2015
=994  \\$aC0$bOEK
=938  \\$aYBP Library Services$bYANK$n12872366
=938  \\$aBaker and Taylor$bBTCP$nBK0018488349
=938  \\$aBrodart$bBROD$n116624426

