=LDR  03425cam  22005778i 4500
=001  655193
=005  20160721105825.0
=008  160115s2016\\\\nyu\\\\\\\\\\\000\1\eng\\
=010  \\$a  2015049582
=020  \\$a9780425281192 (hardcover)
=020  \\$a0425281191 (hardcover)
=020  \\$z9780698195271 (ebook)
=035  \\$a(OCoLC)925397719$z(OCoLC)952987798
=035  \\$a(OCoLC)ocn925397719
=035  \\$a608214
=040  \\$aDLC$beng$erda$cDLC$dYDXCP$dBTCTA$dOCLCO$dOCLCF$dOCLCO$dBDX$dIEB$dOCLCO$dABG$dOCLCO
=043  \\$ae-uk---
=049  \\$aOEKA
=050  00$aPR6119.T79$bN54 2016
=082  00$a823/.92$223
=084  \\$aFIC009010$aFIC009050$aFIC015000$2bisacsh
=100  1\$aStross, Charles,$eauthor.
=245  14$aThe nightmare stacks /$cCharles Stross.
=250  \\$aFirst edition.
=300  \\$a385 pages ;$c24 cm.
=490  1\$aA Laundry files novel ;$v[7]
=520  \\$a"The Laundry Files' 'fast-paced blend of espionage thrills, mundane office comedy and Lovecraftian horror' (SFX) continues as Hugo Award-winning author Charles Stross assigns a day trader to a permanent position on the night shift ... After stumbling upon the algorithm that turned him and his fellow merchant bankers into vampires, Alex Schwartz was drafted by The Laundry, Britain's secret counter-occult agency that's humanity's first line of defense against the forces of darkness. Dependent on his new employers for his continued existence--as Alex has no stomach for predatory bloodsucking--he has little choice but to accept his new role as an operative-in-training. Dispatched to Leeds, Alex's first assignment is to help assess the costs of renovating a 1950s Cold War bunker into The Laundry's new headquarters. Unfortunately, Leeds is Alex's hometown, and the thought of breaking the news to his parents that he's left banking for civil service, while hiding his undead condition, is causing more anxiety than learning how to live as a vampire secret agent preparing to confront multiple apocalypses. Alex's only saving grace is Cassie Brewer, a drama student appearing in the local Goth Festival who is inexplicably attracted to him despite his awkward personality and massive amounts of sunblock. But Cassie has secrets of her own--secrets that make Alex's night life behaviors seem positively normal ..."--$cProvided by publisher.
=650  \0$aVampires$vFiction.
=650  \0$aIntelligence service$zGreat Britain$vFiction.
=650  \0$aDemonology$vFiction.
=650  \7$aFICTION / Fantasy / Contemporary.$2bisacsh
=650  \7$aFICTION / Fantasy / Paranormal.$2bisacsh
=650  \7$aFICTION / Horror.$2bisacsh
=650  \7$aDemonology.$2fast$0(OCoLC)fst00890199
=650  \7$aIntelligence service.$2fast$0(OCoLC)fst00975848
=650  \7$aVampires.$2fast$0(OCoLC)fst01163968
=651  \7$aGreat Britain.$2fast$0(OCoLC)fst01204623
=655  \7$aHorror fiction.$2lcgft
=655  \7$aParanormal fiction.$2lcgft
=655  \7$aFiction.$2fast$0(OCoLC)fst01423787
=800  1\$aStross, Charles.$tLaundry files novel.
=856  42$3Cover image$u9780425281192.jpg
=336  \\$atext$2rdacontent
=337  \\$aunmediated$2rdamedia
=338  \\$avolume$2rdacarrier
=264  \1$aNew York :$bAce Books,$c2016.
=994  \\$aC0$bOEK
=019  \\$a952987798
=938  \\$aYBP Library Services$bYANK$n12644701
=938  \\$aBaker and Taylor$bBTCP$nBK0017820315
=938  \\$aBrodart$bBROD$n114158231

