=LDR  02995cam  22005898i 4500
=001  655740
=005  20170108014926.0
=008  150508s2015\\\\nyu\\\\\\\\\\\000\1\eng\\
=010  \\$a  2015017104
=020  \\$a9780765375254 (trade pbk. : alk. paper)
=020  \\$a0765375257 (trade pbk. : alk. paper)
=020  \\$z9781466846340 (e-book)
=020  \\$a9780765375247
=020  \\$a0765375249
=035  \\$a(OCoLC)905965323$z(OCoLC)902670834$z(OCoLC)903316723$z(OCoLC)907651031
=035  \\$a(OCoLC)ocn905965323
=035  \\$a564802
=035  \\$a647488
=040  \\$aDLC$beng$erda$cDLC$dCNEDM$dYDXCP$dBTCTA$dBDX$dOCLCF$dOJ4$dCNSAP$dCHVBK$dOCLCO$dE9G
=042  \\$apcc
=043  \\$an-us-wa
=049  \\$aE9GA
=050  00$aPS3602.E2475$bK37 2015
=082  00$a813/.6$223
=100  1\$aBear, Elizabeth.
=245  10$aKaren Memory /$cElizabeth Bear.
=250  \\$aFirst edition.
=263  \\$a1512
=264  \1$aNew York :$bTom Doherty Associates, LLC,$c2015.
=300  \\$apages ; cm
=336  \\$atext$2rdacontent
=337  \\$aunmediated$2rdamedia
=338  \\$avolume$2rdacarrier
=520  \\$a"Steampunk novel set in Seattle in the late 19th century--an era when the town was called Rapid City, when the parts we now call Seattle Underground were the whole town (and still on the surface), when airships plied the trade routes bringing would-be miners heading up to the gold fields of Alaska, and steam-powered mechanicals stalked the waterfront. Karen is a "soiled dove," a young woman on her own who is making the best of her orphaned state by working in Madame Damnable's high-quality bordello. Through Karen's eyes we get to know the other girls in the house--a resourceful group--and the poor and the powerful of the town. Trouble erupts into her world one night when a badly injured girl arrives at their door, seeking sanctuary, followed by the man who holds her indenture, who has a machine that can take over anyone's mind and control their actions. And as if that wasn't bad enough, the next night brings a body dumped in their rubbish heap--a streetwalker who has been brutally murdered"--$cfrom publisher's web site.
=650  \0$aOrphans$vFiction.
=650  \0$aProstitutes$vFiction.
=650  \0$aBrothels$vFiction.
=650  \0$aMurder$vFiction.
=650  \0$aSerial murderers$vFiction.
=650  \7$aBrothels.$2fast$0(OCoLC)fst01765181
=650  \7$aMurder.$2fast$0(OCoLC)fst01029781
=650  \7$aOrphans.$2fast$0(OCoLC)fst01048433
=650  \7$aProstitutes.$2fast$0(OCoLC)fst01079535
=650  \7$aSerial murderers.$2fast$0(OCoLC)fst01113110
=650  \7$aPhantastischer Roman.$0(DE-588)4129956-5$2gnd
=650  \7$aAmerikanisches Englisch.$0(DE-588)4094804-3$2gnd
=651  \0$aSeattle (Wash.)$vFiction.
=651  \7$aWashington (State)$zSeattle.$2fast$0(OCoLC)fst01204940
=655  \7$aFantasy fiction.$2gsafd
=655  \7$aFiction.$2fast$0(OCoLC)fst01423787
=994  \\$aC0$bE9G
=019  \\$a902670834$a903316723$a907651031

