=LDR  01564cam  2200349Ii 4500
=001  659092
=005  20170108014927.0
=008  150925s2016\\\\nyua\\\\\\\\\\000\1\eng\d
=020  \\$a0062297376
=020  \\$a9780062297372
=035  \\$a(OCoLC)ocn922168586
=035  \\$a641105
=040  \\$aYDXCP$beng$cYDXCP$dBTCTA$dBDX$dGK8$dOCLCQ$dM{dollar}K$dGMP$dOCLCO$dOCLCF$dOCLCO$dLIV$dJSE$dOCLCO$dUPZ$dOCO$dJQM$dOCLCO$dRB0$dOCLCQ$dZPJ
=049  \\$aZPJA
=050  14$aPR6066.R34$bL65 2016
=082  04$a823/.914$223
=100  1\$aPratchett, Terry,$eauthor.
=245  14$aThe long cosmos /$cTerry Pratchett and Stephen Baxter.
=250  \\$aFirst U.S. edition.
=264  \1$aNew York, NY :$bHarper, an imprint of HarperCollinsPublishers,$c[2016]
=300  \\$axi, 377 pages :$billustration ;$c24 cm.
=336  \\$atext$btxt$2rdacontent
=337  \\$aunmediated$bn$2rdamedia
=338  \\$avolume$bnc$2rdacarrier
=490  1\$aThe Long Earth series
=520  \\$aThe Next--the hyper-intelligent post-humans--realize that the missive they received from the center of the galaxy contains instructions for kick-starting the development of an immense artificial intelligence knows as The Machine. But to build this computer the size of an Earth continent, they must obtain help from the more populous and still industrious worlds of mankind.
=650  \0$aArtificial intelligence$vFiction.
=650  \0$aSpace and time$vFiction.
=650  \0$aSpace flight$vFiction.
=700  1\$aBaxter, Stephen,$eauthor.
=800  1\$aPratchett, Terry.$tLong Earth series.
=994  \\$aC0$bZPJ

