=LDR  02723cam  2200409Ii 4500
=001  659392
=005  20160805101732.0
=008  160721s2016\\\\nyu\\\\\\\\\\\000\1\eng\d
=020  \\$a9780765375629$q(hardcover)
=020  \\$a0765375621$q(hardcover)
=020  \\$a9780765375629 : HRD$c25.99
=020  \\$a0765375621 : HRD$c25.99
=035  \\$a(OCoLC)ocn953833134
=035  \\$a608196
=040  \\$aCGL$beng$cCGL$erda$dCGL$dJTH$dOCLCO$dOCO$dVP@$dYDXCP$dBTCTA$dBDX$dTOH$dGMP$dOCLCF$dDAD$dIEP$dOQX$dJAG$dOCLCO
=049  \\$aZPJA
=050  14$aPS3553.A655$bS93 2016
=082  04$a813/.6$223
=100  1\$aCard, Orson Scott,$eauthor.
=245  14$aThe Swarm /$cOrson Scott Card and Aaron Johnston.
=264  \1$aNew York :$bTor,$c2016.
=300  \\$a462 pages ;$c24 cm.
=336  \\$atext$2rdacontent
=337  \\$aunmediated$2rdamedia
=338  \\$avolume$2rdacarrier
=490  1\$aVolume one of the Second Formic War
=500  \\$a"A Tom Doherty Associates book."
=520  \\$aOrson Scott Card and Aaron Johnston return to their Ender's Game prequel series with this first volume of an all-new trilogy about the Second Formic War in The Swarm. The first invasion of Earth was beaten back by a coalition of corporate and international military forces, and the Chinese army. China has been devastated by the Formic's initial efforts to eradicate Earth life forms and prepare the ground for their own settlement. The Scouring of China struck fear into the other nations of the planet; that fear blossomed into drastic action when scientists determined that the single ship that wreaked such damage was merely a scout ship. There is a mothership out beyond the Solar System's Kuiper Belt, and it's heading into the system, unstoppable by any weapons that Earth can muster. Earth has been reorganized for defense. There is now a Hegemon, a planetary official responsible for keeping all the formerly warring nations in line. There's a Polemarch, responsible for organizing all the military forces of the planet into the new International Fleet. But there is an enemy within, an enemy as old as human warfare: ambition and politics. Greed and self-interest. Will Bingwen, Mazer Rackam, Victor Delgado and Lem Juke be able to divert those very human enemies in time to create a weapon that can effectively defend humanity in the inexorable Second Formic War?
=650  \0$aSpace warfare$vFiction.
=650  \0$aSpace flight$vFiction.
=650  \0$aHuman-alien encounters$vFiction.
=655  \0$aScience fiction, American.
=655  \7$aScience fiction.$2lcgft
=700  1\$aJohnston, Aaron,$eauthor.
=800  1\$aCard, Orson Scott.$tSecond Formic War ;$vv. 1.
=994  \\$aC0$bZPJ
=019  \\$a918994513$a945793128

