=LDR  01593cam  2200373Ii 4500
=001  659573
=005  20160811182744.0
=008  160722s2016\\\\nyu\\\\\\\\\\\000\1\eng\d
=020  \\$a9780756410544
=020  \\$a0756410541
=020  \\$a9780756410544$c{dollar}   27.00
=020  \\$a0756410541$c{dollar}   27.00
=035  \\$a(OCoLC)953864845
=035  \\$a(OCoLC)ocn953864845
=035  \\$a612034
=040  \\$aTXN$beng$cTXN$dOCLCO$dORX$dJTH$dOCLCQ$dH{dollar}Y
=049  \\$aH{dollar}YA
=050  14$aPS3552.R228$bT53 2016
=082  04$a813/.54$223
=100  1\$aBradley, Marion Zimmer,$eauthor.
=245  10$aThunderlord /$cMarion Zimmer Bradley and Deborah J. Ross.
=264  \1$aNew York, NY :$bDAW Books, Inc.,$c[2016]
=300  \\$a408 pages ;$c24 cm.
=336  \\$atext$btxt$2rdacontent
=337  \\$aunmediated$bn$2rdamedia
=338  \\$avolume$bnc$2rdacarrier
=490  0\$aDAW book collectors ;$vno. 1720
=490  1\$aA Darkover novel
=520  \\$aThe saga of two kingdoms, divided by bitter history and present-day suspicions, one armed with devastating power and the other determined to overcome it, no matter what the price. Can love and resourcefulness overcome even the overwhelming power of a Thunderlord? A follow-up to The Ages of Chaos omnibus, Thunderlord is a brand-new novel of the genre-bending Darkover universe, expanded by Marion Zimmer Bradley's collaborator Deborah J. Ross.
=650  \0$aDarkover (Imaginary place)$vFiction.
=655  \7$aScience fiction.$2gsafd
=700  1\$aRoss, Deborah J,$eauthor.
=800  1\$aBradley, Marion Zimmer.$tDarkover series.
=994  \\$aC0$bH{dollar}Y

