=LDR  01928cam  2200409Ii 4500
=001  672894
=005  20160915121520.0
=008  150820s2016\\\\nyu\\\\\\\\\\\000\1\eng\d
=020  \\$a0765381257$q(hardcover)
=020  \\$a9780765381255$q(hardcover)
=020  \\$z9781466878808$q(e-book)
=020  \\$z1466878800$q(e-book)
=035  \\$a(OCoLC)918994424
=035  \\$a(OCoLC)ocn918994424
=035  \\$a672885
=040  \\$aYDXCP$beng$erda$cYDXCP$dBTCTA$dBDX$dOCLCQ$dFLWMD$dUPZ$dOCLCO$dZHB$dILC$dVP@$dOCLCO$dCWJ
=049  \\$aOEKA
=050  \4$aPS3558.E617$bN29 2016
=082  04$a813/.54$223
=100  1\$aHerbert, Brian,$eauthor.
=245  10$aNavigators of Dune /$cBrian Herbert and Kevin J. Anderson.
=250  \\$aFirst edition.
=264  \1$aNew York :$bTor,$c2016.
=300  \\$a412 pages ;$c25 cm.
=336  \\$atext$btxt$2rdacontent
=337  \\$aunmediated$bn$2rdamedia
=338  \\$avolume$bnc$2rdacarrier
=490  0\$aSchools of Dune ;$v[book 3]
=500  \\$a"A Tom Doherty Associates book"--Title page.
=520  \\$aThe finale of the Schools of Dune trilogy continues the origin stories of the Bene Gesserit Sisterhood, the human-computer Mentats, and the Spacing Guild Navigators as well as the battle for the future of the human race.
=520  \\$aIn a story set 10,000 years before the classic Dune, we discover the origins of the Bene Gesserit Sisterhood and its breeding program, the human-computer Mentats, and the Navigators (the Spacing Guild). Roderick Corrino is forced to take the throne after the assassination of his brother. He knows that the Navigators are the key to charting a glorious future for humanity... or the end of civilization.
=650  \0$aDune (Imaginary place)$vFiction.
=650  \0$aLife on other planets$vFiction.
=655  \0$aScience fiction, American.
=655  \7$aScience fiction.$2lcgft
=700  1\$aAnderson, Kevin J.,$d1962-$eauthor.
=994  \\$aC0$bOEK

