=LDR  02820cam  2200457Ii 4500
=001  673154
=005  20170407015343.0
=008  160125t20162016nyu\\\\\\\\\\\000\1\eng\d
=020  \\$a9780765377104$q(hardback)
=020  \\$a0765377101$q(hardback)
=020  \\$z9781466853454$q(ebook)
=020  \\$a9780765377104 : HRD$c26.99
=020  \\$a0765377101 : HRD$c26.99
=020  \\$a9780765377104$c{dollar}26.99
=020  \\$a0765377101$c{dollar}26.99
=035  \\$a(OCoLC)936360629$z(OCoLC)907651097
=035  \\$a(OCoLC)ocn936360629
=035  \\$a671419
=035  \\$a710057
=040  \\$aTOH$beng$erda$cTOH$dYDXCP$dBTCTA$dBDX$dORX$dCDX$dABG$dOCLCO$dE9G
=041  1\$aeng$hchi
=049  \\$aE9GA
=050  \4$aPL2947.C59$bD4313 2016
=082  04$a895.13/52$223
=100  1\$aLiu, Cixin,$eauthor.
=245  10$aDeath's end /$cCixin Liu ; translated by Ken Liu.
=250  \\$aFirst edition.
=264  \1$aNew York :$bTor, a Tom Doherty Associates Book ;$c2016.
=264  \4$c{copy}2016
=300  \\$a604 pages ;$c25 cm.
=336  \\$atext$btxt$2rdacontent
=337  \\$aunmediated$bn$2rdamedia
=338  \\$avolume$bnc$2rdacarrier
=490  1\$aThree-body Trilogy ;$vBook III
=520  \\$aWith The Three-Body Problem , English-speaking readers got their first chance to experience the multiple-award-winning and bestselling Three-Body Trilogy by China's most beloved science fiction author, Cixin Liu. Three-Body was released to great acclaim including coverage in The New York Times and The Wall Street Journal. It was also named a finalist for the Nebula Award, making it the first translated novel to be nominated for a major SF award since Italo Calvino's Invisible Cities in 1976. Now this epic trilogy concludes with Death's End . Half a century after the Doomsday Battle, the uneasy balance of Dark Forest Deterrence keeps the Trisolaran invaders at bay. Earth enjoys unprecedented prosperity due to the infusion of Trisolaran knowledge. With human science advancing daily and the Trisolarans adopting Earth culture, it seems that the two civilizations will soon be able to co-exist peacefully as equals without the terrible threat of mutually assured annihilation. But the peace has also made humanity complacent. Cheng Xin, an aerospace engineer from the early 21st century, awakens from hibernation in this new age. She brings with her knowledge of a long-forgotten program dating from the beginning of the Trisolar Crisis, and her very presence may upset the delicate balance between two worlds. Will humanity reach for the stars or die in its cradle?
=650  \0$aHuman-alien encounters$vFiction.
=650  \0$aImaginary wars and battles$vFiction.
=655  \7$aScience fiction.$2lcgft
=700  1\$aLiu, Ken,$d1976-$etranslator.
=800  1\$aLiu, Cixin.$tThree-body trilogy ;$vbk. 3.
=994  \\$aC0$bE9G

