=LDR  01216cam  2200361Ii 4500
=001  683229
=005  20161209163505.0
=008  160203s2016\\\\wau\\\\\\\\\\\000\1\eng\d
=020  \\$a9780786965960 : HRD$c27.95
=020  \\$a0786965967 : HRD$c27.95
=035  \\$a(OCoLC)936532439
=035  \\$a(OCoLC)ocn936532439
=035  \\$a683259
=040  \\$aYDXCP$beng$cYDXCP$dBDX$dBTCTA$dOCLCQ$dQX9$dLIV$dOCLCO$dIEP$dOCLCO$dJSE$dVP@$dZP7$dH{dollar}Y
=049  \\$aH{dollar}YA
=050  14$aPS3569.A462345$bH47 2016
=082  04$a813/.54$223
=100  1\$aSalvatore, R. A.,$d1959-$eauthor.
=245  10$aHero /$cR.A. Salvatore.
=264  \1$aRenton, WA :$bWizards of the Coast LLC,$c[2016]
=300  \\$a376 pages ;$c25 cm.
=336  \\$atext$2rdacontent
=337  \\$aunmediated$2rdamedia
=338  \\$avolume$2rdacarrier
=490  1\$aHomecoming ;$vbook III
=500  \\$a"Forgotten realms."
=520  \\$aDrow elf Drizzt Do'Urden continues his quest to bring peace to the Underdark.
=650  \0$aDrizzt Do'Urden (Fictitious character)$vFiction.
=650  \0$aWizards$vFiction.
=650  \0$aElves$vFiction.
=655  \7$aFantasy fiction.$2gsafd
=800  1\$aSalvatore, R. A.,$d1959-$tHomecoming ;$vbk. 3.
=994  \\$aC0$bH{dollar}Y

