=LDR  02473cam  22004578i 4500
=001  685913
=005  20161103120910.0
=008  160802t20162016nyu\\\\\\\\\\\000\1\eng\\
=010  \\$a  2016032088
=020  \\$a9780451467034
=020  \\$a0451467035
=020  \\$a9780451467034 : HRD$c27.00
=020  \\$a0451467035 : HRD$c27.00
=035  \\$a(OCoLC)954719885
=035  \\$a(OCoLC)ocn954719885
=035  \\$a677500
=040  \\$aDLC$beng$erda$cDLC$dUPZ$dOCLCO$dNGP$dOCLCO$dJAS$dLF3$dIK2
=049  \\$aOEKA
=050  00$aPR9619.3.M26755$bD46 2016
=082  00$a823/.914$223
=100  1\$aMarillier, Juliet,$eauthor.
=245  10$aDen of wolves :$ba Blackthorn & Grim novel /$cJuliet Marillier.
=250  \\$aRoc hardcover edition
=264  \1$aNew York, New York :$bRoc,$c2016.
=264  \4$c{copy}2016
=300  \\$aix, 433 pages ;$c24 cm.
=336  \\$atext$btxt$2rdacontent
=337  \\$aunmediated$bn$2rdamedia
=338  \\$avolume$bnc$2rdacarrier
=490  1\$aA Blackthorn & Grim novel
=500  \\$a"A ROC book."
=520  \\$a"Healer Blackthorn knows all too well the rules of her bond to the fey: seek no vengeance, help any who ask, do only good. But after the recent ordeal she and her companion, Grim, have suffered, she knows she cannot let go of her quest to bring justice to the man who ruined her life. Despite her personal struggles, Blackthorn agrees to help the princess of Dalriada in taking care of a troubled young girl who has recently been brought to court, while Grim is sent to the girl's home at Wolf Glen to aid her wealthy father with a strange task--repairing a broken-down house deep in the woods. It doesn't take Grim long to realize that everything in Wolf Glen is not as it seems--the place is full of perilous secrets and deadly lies. Back at Winterfalls, the evil touch of Blackthorn's sworn enemy reopens old wounds and fuels her long-simmering passion for justice. With danger on two fronts, Blackthorn and Grim are faced with a heartbreaking choice--to stand once again by each other's side or to fight their battles alone."--$cProvided by publisher.
=650  \0$aMythology, Celtic$vFiction.
=650  \0$aMagic$vFiction.
=651  \0$aIreland$xHistory$yTo 1172$vFiction.
=655  \7$aFantasy fiction.$2lcgft
=655  \7$aHistorical fiction.$2lcgft
=655  \7$aFantasy fiction.$2gsafd
=655  \7$aHistorical fiction.$2gsafd
=800  1\$aMarillier, Juliet.$tBlackthorn & Grim novel ;$v3.
=994  \\$aC0$bOEK

