=LDR  02479cam  22004578i 4500
=001  690491
=005  20161119072502.0
=008  161031s2016\\\\nyu\\\\\\\\\\\000\1\eng\\
=010  \\$a  2016043666
=020  \\$a9780765379528 (hardback)
=020  \\$a076537952X (hardback)
=020  \\$z9781466868755 (e-book)
=020  \\$a9780765379528$c{dollar}   25.99
=020  \\$a076537952X$c{dollar}   25.99
=035  \\$a(OCoLC)957647914$z(OCoLC)962415383
=035  \\$a(OCoLC)ocn957647914
=035  \\$a677497
=040  \\$aDLC$beng$erda$cDLC$dOCLCO$dVP@$dVTL$dJTH$dH{dollar}Y
=042  \\$apcc
=049  \\$aH{dollar}YA
=050  00$aPS3552.O84$bA84 2016
=082  00$a813/.54$223
=084  \\$aFIC028000$2bisacsh
=100  1\$aBova, Ben,$d1932-$eauthor.
=245  10$aApes and angels /$cBen Bova.
=250  \\$aFirst edition.
=263  \\$a1611
=264  \1$aNew York :$bTom Doherty Associates,$c[2016]
=264  \4$c{copy}2016
=300  \\$a415 pages ;$c22 cm
=336  \\$atext$btxt$2rdacontent
=337  \\$aunmediated$bn$2rdamedia
=338  \\$avolume$bnc$2rdacarrier
=520  \\$a"Humankind headed out to the stars not for conquest, nor exploration, nor even for curiosity. Humans went to the stars in a desperate crusade to save intelligent life wherever they found it. A wave of death is spreading through the Milky Way galaxy, an expanding sphere of lethal gamma radiation that erupted from the galaxy's core twenty-eight thousand years ago and now is approaching Earth's vicinity at the speed of light. Every world it touched was wiped clean of all life. But it's possible to protect a planet from gamma radiation. Earth is safe. Now, guided by the ancient intelligent machines called the Predecessors, men and women from Earth seek out those precious, rare worlds that harbor intelligent species, determined to save them from the doom that is hurtling toward them. The crew of the Odysseus has arrived at Mithra Gamma, the third planet of the star Mithra, to protect the stone-age inhabitants from the Death Wave. But they'll also have to protect themselves"--$cProvided by publisher.
=650  \0$aExtraterrestrial beings$vFiction.
=650  \0$aArtificial intelligence$vFiction.
=651  \0$aOuter space$xExploration$vFiction.
=655  \7$aScience fiction.$2lcgft
=655  \7$aScience fiction.$2gsafd
=776  08$iOnline version:$aBova, Ben, 1932-$tApes and Angels$bFirst Edition.$dNew York : Tom Doherty Associates, 2016$z9781466868755$w(DLC)  2016050602
=994  \\$aC0$bH{dollar}Y

