=LDR  03661cam  22005418i 4500
=001  690504
=005  20170407015501.0
=008  161104s2016\\\\nyua\\\\\\\\\\000\1\eng\\
=010  \\$a  2016043665
=020  \\$a9780765391162$q(hardcover : acid-free paper)
=020  \\$a0765391163$q(hardcover : acid-free paper)
=020  \\$z9780765391179 (e-book)
=035  \\$a(OCoLC)935985784
=035  \\$a(OCoLC)ocn935985784
=035  \\$a677498
=040  \\$aDLC$beng$erda$cDLC$dYDXCP$dBTCTA$dBDX$dDWP$dIGA$dUPZ$dOCLCO$dOCO$dIK2$dH{dollar}Y
=042  \\$apcc
=049  \\$aH{dollar}YA
=050  00$aPS3619.A533$bA6 2016
=082  00$a813/.6$223
=084  \\$aFIC009020$2bisacsh
=100  1\$aSanderson, Brandon,$eauthor.
=240  10$aNovellas.$kSelections
=245  10$aArcanum unbounded :$bthe Cosmere collection /$cBrandon Sanderson.
=250  \\$aFirst edition.
=264  \1$aNew York :$bTor Books,$c2016.
=300  \\$a671 pages :$billustrations ;$c25 cm
=336  \\$atext$btxt$2rdacontent
=337  \\$aunmediated$bn$2rdamedia
=338  \\$avolume$bnc$2rdacarrier
=500  \\$a"A Tom Doherty Associates book."
=505  0\$aThe Selish system -- The Emperor's soul -- The hope of Elantris -- The Scadrian system -- The eleventh metal -- Allomancer Jak and the Pits of Eltania, Episodes twenty-eight through thirty -- Mistborn: secret history -- The Taldain system -- White Sand -- The Threnodite system -- Shadows for silence in the forests of Hell -- The Drominad system -- Sixth of the Dusk -- The Rosharan system -- Edgedancer.
=520  \\$a"An all-new 40,000-word Stormlight Archive novella, "Edgedancer," will be the crown jewel of Arcanum Unbounded: The Cosmere Collection, the first book of short fiction by #1 New York Times bestselling author Brandon Sanderson. The collection will include nine works in all. The first eight are: "The Hope of Elantris" (Elantris) "The Eleventh Metal" (Mistborn) "The Emperor's Soul" (Elantris) "Allomancer Jak and the Pits of Eltania, Episodes 28 through 30" (Mistborn) "White Sand" (excerpt; Taldain) "Shadows for Silence in the Forests of Hell" (Threnody) "Sixth of Dusk" (First of the Sun) "Mistborn: Secret History" (Mistborn) These wonderful works, originally published on Tor.com and elsewhere individually, convey the expanse of the Cosmere and tell exciting tales of adventure Sanderson fans have come to expect, including the Hugo Award-winning novella, "The Emperor's Soul" and an excerpt from the graphic novel "White Sand." Arcanum Unbounded will also contain the Stormlight Archive novella "Edgedancer," which will appear in this book for the first time anywhere. Finally, this collection includes essays and illustrations for the various planetary systems in which the stories are set"--$cProvided by publisher.
=655  \7$aAction and adventure fiction.$2lcgft
=655  \7$aFantasy fiction.$2gsafd
=655  \7$aFantasy fiction.$2lcgft
=655  \7$aShort stories.$2lcgft
=700  12$aSanderson, Brandon.$tEmperor's soul.
=700  12$aSanderson, Brandon.$tHope of Elantris.
=700  12$aSanderson, Brandon.$tEleventh metal.
=700  12$aSanderson, Brandon.$tAllomancer Jak and the pits of Eltania, episodes 28 through 30.
=700  12$aSanderson, Brandon.$tMistborn: secret history.
=700  12$aSanderson, Brandon.$tWhite sand.
=700  12$aSanderson, Brandon.$tShadows for silence in the forests of hell.
=700  12$aSanderson, Brandon.$tSixth of dusk.
=700  12$aSanderson, Brandon.$tEdgedancer.
=776  08$iOnline version:$aSanderson, Brandon.$tArcanum unbounded$bFirst edition.$dNew York : Tor Books, 2016$z9780765391179$w(DLC)  2016051398
=994  \\$aC0$bH{dollar}Y

