=LDR  01759cam  2200517Ii 4500
=001  696167
=005  20161208111925.0
=008  790227s1979\\\\nyu\\\\\\\\\\\000\f\eng\d
=010  \\$a   78061817 
=020  \\$a0345272846
=020  \\$a9780345272843
=020  \\$a0345287657$q(pbk.)
=020  \\$a9780345287656$q(pbk.)
=020  \\$a0345350588
=020  \\$a9780345350589
=020  \\$a0345313216$q(pbk.)
=020  \\$a9780345313218$q(pbk.)
=035  \\$a(OCoLC)4694390$z(OCoLC)6391910$z(OCoLC)27954102$z(OCoLC)183444193$z(OCoLC)655849575
=035  \\$a(OCoLC)ocm04694390 
=035  \\$a134466
=037  \\$a27284$bBallantine
=040  \\$aWIM$beng$cWIM$dOCL$dCUR$dPNX$dOCL$dOCLCQ$dXY4$dNZWPM$dCSC$dBAKER$dBTCTA$dVP@$dYDXCP$dIDWBL$dO2H $dOCLCQ$dOCLCO$dOCLCF$dOCLCQ$dOCLCO$dOCLCQ$dNUI$dOCLCO$dOCL$dOCLCO
=049  \\$aZPPA
=050  \4$aPZ4.A628$bSo
=082  04$a813/.5/4
=100  1\$aAnthony, Piers.
=245  14$aThe source of magic /$cPiers Anthony.
=250  \\$a1st ed.
=260  \\$aNew York :$bBallantine Books,$c1979.
=300  \\$a326 pages ;$c18 cm.
=336  \\$atext$btxt$2rdacontent
=337  \\$aunmediated$bn$2rdamedia
=338  \\$avolume$bnc$2rdacarrier
=490  0\$aA Del Rey book
=490  1\$aThe Magic of Xanth ;$v2
=500  \\$aNovel.
=500  \\$aSequel to A spell for Chameleon.
=520  \\$aKing Trent orders Bink to find out about the source of Xanth's magic.
=650  \0$aXanth (Imaginary place)$vFiction.
=655  \7$aFantasy fiction$2fast$0(OCoLC)fst01726607
=655  \7$aFiction.$2fast$0(OCoLC)fst01423787
=655  \7$aFantasy.$2gsafd
=655  \7$aFantastic fiction.$2gsafd
=655  \7$aFantasy fiction.$2lcgft
=800  1\$aAnthony, Piers.$tMagic of Xanth ;$v2.
=994  \\$aC0$bZPP

