=LDR  01660cam  2200469 i 4500
=001  697120
=005  20170108014939.0
=008  130419t20121993nyuab\\\\\\\\\000\1\eng\\
=010  \\$a  2012532982
=020  \\$a9780765334640$q(pbk.)
=020  \\$a076533464X$q(pbk.)
=020  \\$a0312854277 :$c{dollar}24.95 ({dollar}29.95 Can.)
=020  \\$a0812550307 (pbk.) :$c{dollar}6.99
=035  \\$a(OCoLC)817126794$z(OCoLC)960056095
=035  \\$a(OCoLC)ocn817126794
=035  \\$a694896
=035  \\$a106517
=035  \\$a147148
=040  \\$aDLC$beng$erda$cDLC$dTUL$dOCLCO$dCOO$dGUA$dOCLCQ$dOCLCF$dYDXCP$dKL3$dOCLCQ$dCGP$dOCL
=042  \\$apcc
=049  \\$aZPPA
=050  00$aPS3560.O7617$bF57 2012
=082  00$a813/.54$223
=100  1\$aJordan, Robert,$d1948-2007.
=245  14$aThe fires of heaven /$cRobert Jordan.
=250  \\$aFirst trade paperback edition.
=264  \1$aNew York :$bTOR,$c2012.
=264  \4$c{copy}1993
=300  \\$a830 pages :$billustrations, maps (some color) ;$c24 cm.
=336  \\$atext$btxt$2rdacontent
=337  \\$aunmediated$bn$2rdamedia
=338  \\$avolume$bnc$2rdacarrier
=490  1\$aBook five of The wheel of time
=500  \\$a"A Tom Doherty Associates book."
=520  \\$aRand, the Dragon reborn, defends himself against the many Aiel who reject him and ignites the pruging fires of prophecy.
=650  \0$aRand al'Thor (Fictitious character)$vFiction.
=655  \7$aFantasy fiction$2fast$0(OCoLC)fst01726607
=655  \7$aFiction.$2fast$0(OCoLC)fst01423787
=655  \7$aFantasy fiction.$2gsafd
=655  \7$aFantasy fiction.$2lcgft
=800  1\$aJordan, Robert,$d1948-2007.$tWheel of time ;$vbk. 5.
=994  \\$aC0$bZPP

