=LDR  01360cam  2200397Ia 4500
=001  697148
=005  20170524134223.0
=008  121101s2008\\\\ncu\\\\\\\\\\\000\1\eng\d
=020  \\$a9781435257870
=020  \\$a1435257871
=020  \\$a0812513711
=020  \\$a0312852487 :$c{dollar}22.95
=035  \\$a(OCoLC)815679926$z(OCoLC)225872859
=035  \\$a(OCoLC)ocn815679926
=035  \\$a694900
=035  \\$a49354
=035  \\$a122078
=035  \\$a739154
=040  \\$aX#4$beng$cX#4$dOCLCO$dBTCTA$dBAKER$dMVQ$dCQA$dOCLCF$dOCLCQ$dIBI$dOCL
=049  \\$aZPPA
=050  14$aPS3560.O7617$bD7 2008
=100  1\$aJordan, Robert,$d1948-2007.
=245  14$aThe dragon reborn /$cRobert Jordan.
=260  \\$a[Charlotte, North Carolina] :$bPaw Prints,$c[2008]
=300  \\$a701 pages ;$c18 cm.
=336  \\$atext$btxt$2rdacontent
=337  \\$aunmediated$bn$2rdamedia
=338  \\$avolume$bnc$2rdacarrier
=490  1\$aWheel of time ;$vbk. 3
=500  \\$aSequel to: The Great Hunt.
=520  \\$aAble to touch the One Power but unable to control its great destructive power, a great messiah named Rand al'Thor flees from his destiny.
=650  \0$aRand al'Thor (Fictitious character)$vFiction.
=650  \0$aFantasy fiction.
=655  \7$aFiction.$2fast$0(OCoLC)fst01423787
=800  1\$aJordan, Robert,$d1948-2007.$tWheel of time ;$vbk.3.
=994  \\$aC0$bZPP

