=LDR  01714cam  2200469Ii 4500
=001  702079
=005  20161229165533.0
=007  ta\||||||||||||||||||||
=008  080124s1982\\\\nyub\\\\\\\\\\000\1\eng\d
=010  \\$z   81068656 
=020  \\$z9780345335517$q(pbk.)
=020  \\$z0345335511$q(pbk.)
=020  \\$a9780345323569
=020  \\$a0345323564
=020  \\$a9780345309976
=020  \\$a0345309979
=020  \\$a0345468643$q(pbk.)
=020  \\$a9780345468642$q(pbk.)
=035  \\$a(OCoLC)191111253$z(OCoLC)317671260$z(OCoLC)670435347$z(OCoLC)731483520$z(OCoLC)868161132$z(OCoLC)883420922
=035  \\$a(OCoLC)ocn191111253
=035  \\$a30853
=035  \\$a694116
=040  \\$aCMI$beng$erda$cCMI$dSINLB$dCO3$dJTC$dLGG$dLF3$dTXBXL$dBNY$dYDXCP$dOCLCF$dRB0$dOCLCO$dOCLCQ$dYYK
=050  \4$aPS3555.D38$bB45 1982
=082  04$a813/.54$222
=100  1\$aEddings, David,$eauthor.
=245  10$aPawn of prophecy /$cDavid Eddings.
=250  \\$aFirst edition.
=264  \1$aNew York, N.Y. :$bBallantine Books,$c[1982]
=300  \\$a262 pages :$bmap ;$c18 cm.
=336  \\$atext$btxt$2rdacontent
=337  \\$aunmediated$bn$2rdamedia
=338  \\$avolume$bnc$2rdacarrier
=490  1\$aBook one of The belgariad
=500  \\$a"A Del Rey Book."
=520  \\$aGarion the farm boy did not believe in magic dooms, but then he did not know that soon he would be on a quest of unparalleled magic and danger when the dread evil God Torak was reawakened.
=650  \0$aMagic$vFiction.
=650  \0$aWizards$vFiction.
=650  \0$aQuests (Expeditions)$vFiction.
=655  \7$aFiction.$2fast$0(OCoLC)fst01423787
=655  \7$aFantasy fiction.$2gsafd
=800  1\$aEddings, David.$tBelgariad ;$vbk. 1.

