=LDR  01631cam  2200457Ii 4500
=001  714476
=005  20170322155111.0
=008  160718t20172017nyu\\\\\\\\\\\000\1\eng\d
=020  \\$a9781101966969$c{dollar}   28.99
=020  \\$a1101966963$c{dollar}   28.99
=020  \\$a9781101966969$c{dollar}   28.99
=020  \\$a1101966963$c{dollar}   28.99
=020  \\$a9781101966969 : HRD$c28.99
=020  \\$a1101966963 : HRD$c28.99
=035  \\$a(OCoLC)954568972$z(OCoLC)949639665
=035  \\$a(OCoLC)ocn954568972
=035  \\$a695044
=040  \\$aTOH$beng$erda$cTOH$dYDXCP$dBTCTA$dBDX$dLIV$dOCLCO$dUPZ$dZRK
=049  \\$aZRKA
=050  \4$aPS3623.E533$bS732 2017
=082  04$a813/.6$223
=100  1\$aWendig, Chuck,$eauthor.
=245  10$aEmpire's end :$bbook three of the Aftermath trilogy /$cChuck Wendig.
=246  3\$aAftermath :$bempire's end
=246  3\$aStar wars, aftermath :$bempire's end
=250  \\$aFirst edition.
=264  \1$aNew York :$bDel Rey,$c[2017]
=264  \4$c{copy}2017
=300  \\$a423 pages ;$c25 cm.
=336  \\$atext$btxt$2rdacontent
=337  \\$aunmediated$bn$2rdamedia
=338  \\$avolume$bnc$2rdacarrier
=490  1\$aBook three of the Aftermath trilogy
=520  \\$aFollows the exploits of rebel pilot Norra Wexley and her team of Imperial hunters as they navigate the destruction of the Empire and the birth of the New Republic.
=650  \0$aSpace warfare$vFiction.
=650  \0$aLife on other planets$vFiction.
=655  \0$aStar Wars fiction.
=655  \7$aScience fiction.$2gsafd
=655  \7$aScience fiction.$2lcgft
=800  1\$aWendig, Chuck.$tAftermath trilogy ;$vbk. 3.
=994  \\$aC0$bZRK

