=LDR  01680cam  22004218i 4500
=001  720897
=005  20170321132511.0
=008  161003t20172017nyu\\\\\\\\\\\000\1\eng\\
=010  \\$a  2016039922
=020  \\$a9780316262347$q(hardback)
=020  \\$a031626234X$q(hardback)
=020  \\$a9780316262347$c{dollar}28.00
=020  \\$a031626234X$c{dollar}28.00
=035  \\$a(OCoLC)953598586
=035  \\$a(OCoLC)ocn953598586
=035  \\$a704407
=040  \\$aDLC$beng$erda$cDLC$dYDXCP$dBTCTA$dBDX$dOCLCO$dQX9$dOCLCF$dOCLCO$dJSE$dIK2$dJBL$dIHX$dZHB$dZRK
=042  \\$apcc
=043  \\$an-us-ny
=049  \\$aZRKA
=050  00$aPS3568.O2893$bN49 2017
=082  00$a813/.6$223
=100  1\$aRobinson, Kim Stanley,$eauthor.
=245  10$aNew York 2140 /$cKim Stanley Robinson.
=250  \\$aFirst edition.
=264  \1$aNew York :$bOrbit,$c2017.
=264  \4$c{copy}2017
=300  \\$a613 pages ;$c25 cm
=336  \\$atext$btxt$2rdacontent
=337  \\$aunmediated$bn$2rdamedia
=338  \\$avolume$bnc$2rdacarrier
=520  \\$a"The waters rose, submerging New York City. But the residents adapted and it remained the bustling, vibrant metropolis it had always been. Though changed forever. Every street became a canal. Every skyscraper an island. Through the eyes of the varied inhabitants of one building Kim Stanley Robinson shows us how one of our great cities will change with the rising tides. And how we too will change"--$cProvided by publisher.
=650  \0$aTwenty-second century$vFiction.
=650  \0$aInterpersonal relations$vFiction.
=651  \0$aNew York (State)$vFiction.
=655  \7$aScience fiction.$2lcgft
=655  \7$aScience fiction.$2gsafd
=994  \\$aC0$bZRK

