=LDR  02582cam  2200529 a 4500
=001  721737
=005  20170314151648.0
=008  951219s1996\\\\nyu\\\\\\\\\\\000\1\eng\\
=010  \\$a   95053262 
=020  \\$a0312853955$q(alk. paper)
=020  \\$a9780312853952$q(alk. paper)
=020  \\$a9780765304742$q(pbk.)
=020  \\$a0765304740$q(pbk.)
=020  \\$a9780812522396$q(pbk.)
=020  \\$a0812522397$q(pbk.)
=035  \\$a(OCoLC)33971186$z(OCoLC)367608943$z(OCoLC)751162243$z(OCoLC)880910497
=035  \\$a(OCoLC)ocm33971186 
=035  \\$a96028
=040  \\$aDLC$beng$cDLC$dFIT$dBAKER$dNLGGC$dYDXCP$dBTCTA$dJRR$dYVO$dOG#$dUBY$dIMN$dOCLCO$dP4I$dATIGN$dAU@$dOCLCQ$dUBY$dYT2$dOCLCO$dOVY$dOCLCQ$dOCLCO$dOCLCQ$dI8M$dOEK
=043  \\$an-us---
=049  \\$aOEKA
=050  00$aPS3553.A655$bC48 1996
=082  00$a813/.54$220
=100  1\$aCard, Orson Scott.
=245  10$aChildren of the mind /$cOrson Scott Card.
=250  \\$a1st ed.
=260  \\$aNew York :$bTor,$c1996.
=300  \\$a349 pages ;$c25 cm.
=336  \\$atext$btxt$2rdacontent
=337  \\$aunmediated$bn$2rdamedia
=338  \\$avolume$bnc$2rdacarrier
=490  1\$aEnder's game ;$vbk. 4
=500  \\$a"A Tom Doherty Associates book."
=500  \\$aSequel to: Xenocide.
=500  \\$aJacket art by John Harris.
=505  0\$a"I'm not myself" -- "You don't believe in God" -- "There are too many of us" -- "I am a man of perfect simplicity!" -- "Nobody is rational" -- "Life is a suicide mission" -- "I offer her this poor old vessel" -- "What matters is which fiction you believe" -- "It smells like life to me" -- "This has always been your body" -- "You called me back from darkness" -- "Am I betraying Ender?" -- "Till death ends all surprises" -- "How they communicate with animals" -- "We're giving you a second chance" -- "How do you know they aren't quivering in terror?" -- "The road goes on without him now" -- Afterword.
=520  \\$aThe adventures of space warriors in a world where technology has abolished the light-speed limit and one's consciousness can be placed in other bodies. By the author of Ender's Game.
=600  10$aWiggin, Ender$c(Fictitious character)$vFiction.
=600  10$aWiggin, Ender$vFiction.
=650  \0$aExtraterrestrial beings$xFirst contact$vFiction.
=655  \0$aScience fiction, American.
=655  \7$aScience fiction.$2gsafd
=655  \7$aScience fiction.$2lcgft
=700  1\$aHarris, John,$d1948 July 29-$eillustrator.
=800  1\$aCard, Orson Scott.$tEnder saga ;$vv. 4.
=830  \0$aEnder's game ;$vbk. 4.
=994  \\$aC0$bOEK

