=LDR  03449cam  2200565 a 4500
=001  733379
=005  20170424124908.0
=008  010130s2001\\\\nyu\\\\\\\\\\\000\1\eng\\
=010  \\$a  2001017387
=020  \\$a0312848803$q(alk. paper)
=020  \\$a9780312848804$q(alk. paper)
=035  \\$a(OCoLC)45873619$z(OCoLC)913835785$z(OCoLC)965564405
=035  \\$a(OCoLC)ocm45873619 
=035  \\$a166983
=040  \\$aDLC$beng$cDLC$dBAKER$dBTCTA$dYDXCP$dFHP$dO2H$dOCLCF$dOCLCO$dP4I$dOCLCQ$dOCLCO$dCDS$dNZPPC$dOCLCO$dOCL
=049  \\$aZPPA
=050  00$aPR9619.3.M26755$bS66 2001
=082  00$a823/.92$221
=100  1\$aMarillier, Juliet.
=245  10$aSon of the shadows /$cJuliet Marillier.
=250  \\$a1st Tor edition
=264  \4$ccopyright {copy}2001
=264  \1$aNew York :$bTor,$c2001.
=264  \3$a[Place of publication not identified] :$b[Science Fiction Book Club],$c[2001]
=300  \\$a462 pages ;$c25 cm.
=336  \\$atext$btxt$2rdacontent
=337  \\$aunmediated$bn$2rdamedia
=338  \\$avolume$bnc$2rdacarrier
=490  1\$a[The sevenwaters trilogy ;$vbk. 2]
=500  \\$a"A Tom Doherty Associates book."
=500  \\$aJacket art by John Jude Palencar
=500  \\$aSequel to: Daughter of the forest.
=500  \\$aSeries statement from jacket.
=520  \\$a"Son of the Shadows is the sequel to Juliet Marillier's first novel, Daughter of the Forest. It continues the saga of beautiful Sorcha, the courageous young woman who risked all to save her family from a wicked curse and whose love shattered generations of hate and bridged two cultures." "It is from her sacrifice that her brothers were brought home to Sevenwaters, and since then her life has known much joy. But not all the brothers were able to escape the spell that transformed them into swans, and even those who did were all more - and less - than they were before the change." "It is left to Sorcha's daughter, Liadan, to take up the task that the Sevenwaters clan is destined to fulfill. Beloved child, dutiful daughter, she embarks on a journey that opens her eyes to the wonders of the world around her...and shows her just how hard-won was the peace that she has known all her life." "Liadan will need all her courage to help save her family, for there are forces far darker than anyone could have guessed and ancient powers conspiring to destroy this family's peace and their world. And she will need all her strength to stand up to those she loves best, for in the finding of her own true love, Liadan's course may doom them all...or be their salvation."--book jacket
=650  \0$aYoung women$vFiction.
=655  \7$aRomance fiction.$2fast$0(OCoLC)fst01921732
=655  \7$aFantasy fiction.$2fast$0(OCoLC)fst01726607
=655  \7$aFiction.$2fast$0(OCoLC)fst01423787
=655  \7$aFantasy.$2gsafd
=655  \7$aFantasy fiction.$2gsafd
=655  \7$aLove stories.$2gsafd
=655  \7$aScience fiction.$2gsafd
=655  \7$aFantasy fiction.$2lcgft
=655  \7$aRomance fiction.$2lcgft
=700  1\$aPalencar, John Jude,$eillustrator
=800  1\$aMarillier, Juliet.$tSevenwaters trilogy ;$vbk. 2.
=856  41$3Sample text$uhttp://catdir.loc.gov/catdir/enhancements/fy0707/2001017387-s.html
=856  42$3Contributor biographical information$uhttp://catdir.loc.gov/catdir/bios/hol055/2001017387.html
=856  42$3Publisher description$uhttp://catdir.loc.gov/catdir/description/hol051/2001017387.html
=994  \\$aC0$bZPP

