=LDR  03790cam  2200469 i 4500
=001  736609
=005  20170503150224.0
=008  160114s2016\\\\nyu\\\\\\\\\\\000\1\eng\\
=010  \\$a  2015049954
=020  \\$a9781476781235$q(hardback)
=020  \\$a1476781230$q(hardback)
=020  \\$a9781481482400$q(paperback)
=035  \\$a(OCoLC)913337342$z(OCoLC)913303787
=035  \\$a(OCoLC)ocn913337342
=035  \\$a599067
=035  \\$a730934
=040  \\$aDLC$beng$erda$cDLC$dPUL$dBTCTA$dYDXCP$dBDX$dFLWMD$dJSE$dOCO$dIH7$dIHX$dCDX$dOCLCF$dOCLCO$dAW3$dDYJ$dOCLCO$dOCLCQ$dOCLCO
=042  \\$apcc
=043  \\$an-us-me
=050  00$aPS3562.A246$bS55 2016
=082  00$a813/.54$223
=084  \\$aFIC028010$aFIC028000$aFIC040000$2bisacsh
=100  1\$aLackey, Mercedes,$eauthor.
=245  10$aSilence :$ba novel of the SERRAted Edge /$cMercedes Lackey, Cody Martin.
=264  \1$aRiverdale, NY :$bBaen,$c[2016]
=300  \\$a325 pages ;$c25 cm.
=336  \\$atext$btxt$2rdacontent
=337  \\$aunmediated$bn$2rdamedia
=338  \\$avolume$bnc$2rdacarrier
=490  1\$aSERRAted edge
=500  \\$a"A Baen Books original."
=520  \\$a"NEW YORK TIMES BEST-SELLING AUTHOR. ENTRY #9 IN MERCEDES LACKEY'S CELEBRATED SERRATED EDGE URBAN FANTASY SERIES! Teenager Staci's father has just remarried, and now she finds herself being shunted aside by her new stepmother. Shunted all the way to the run-down and dying Maine town of Silence, in fact, and the custody of her alcoholic mother. It gets worse. Silence seems to be stuck in the proverbial stone age. There's no cell phone service except at the very top of a bluff outside of town, no internet except dialup, and not one familiar franchise or business. Staci's mom seems to have gotten even worse since the last time Staci lived with her. The only bright spots in the whole place are a friendly waitress at the diner, and a bookstore where she meets a gaggle of geeks and gamers. But all is not as it seems in Silence. There are strange things moving beneath the shabby surface, terrible plots in play, and deadly players in the game, and Staci is about to find herself caught up in the middle of it all. SERRAted Edge Series Born to Run (#1) by Mercedes Lackey and Larry Dixon Wheels of Fire (#2) by Mercedes Lackey and Mark Shepherd When the Bough Breaks (#3) by Mercedes Lackey and Holly Lisle Chrome Circle (#4) by Mercedes Lackey and Larry Dixon Stoned Souls (#5) by Mercedes Lackey Elvendude (#6) by Mark Shepherd Spiritride (#7) by Mark Shepherd Lazerwarz (#8) by Mark Shepherd The Chrome Borne (omni contains Born to Run and Chrome Circle) by Mercedes Lackey and Larry Dixon The Other World (omni contains When the Bough Breaks and Wheels of Fire) by Mercedes Lackey, Mark Shepherd and Holly Lisle "--$cProvided by publisher.
=520  \\$a"Teenager Staci's father has just remarried and she now finds herself packed off to the run-down and dying Maine town of Silence and into the custody of her alcoholic mother. It gets worse. There is no cell phone service except at the very top of a bluff outside town, no internet except dialup, not one familiar franchise or business and her mom seems to have gotten worse since her last visit. But all is not as it seems in Silence. There are strange things moving beneath its shabby surface, terrible plots in play and Staci is about to find herself caught up in the middle of it all"--$cProvided by publisher.
=650  \0$aTeenage girls$vFiction.
=651  \0$aMaine$vFiction.
=655  \4$aAlternative History.
=655  \7$aFiction.$2fast$0(OCoLC)fst01423787
=655  \7$aScience fiction.$2fast$0(OCoLC)fst01726489
=655  \7$aScience fiction.$2gsafd
=655  \7$aScience fiction.$2lcgft
=700  1\$aMartin, Cody,$d1987-$eauthor.
=830  \0$aSERRAted edge.

