=LDR  01200cam  2200313Ia 4500
=001  736611
=005  20170503144617.0
=008  940516t19881987nyuab\\\\\\\\\000\1\eng\d
=020  \\$a0553268945
=020  \\$a9780553268942
=035  \\$a(OCoLC)30442504$z(OCoLC)740523956
=035  \\$a(OCoLC)ocm30442504 
=035  \\$a90461
=040  \\$aSLC$beng$cSLC$dBAKER$dWGTPL$dSINLB$dOCLCQ$dTXBXL$dOCLCF$dOCLCQ$dOCLCO
=050  \4$aPS3573.E3978$bF67 1988x
=082  04$a813/.54$219
=100  1\$aWeis, Margaret.
=245  10$aForging the darksword /$cMargaret Weis & Tracy Hickman.
=260  \\$aNew York :$bBantam Books,$c1988, {copy}1987.
=300  \\$a391 pages :$billustrations, map ;$c18 cm.
=336  \\$atext$btxt$2rdacontent
=337  \\$aunmediated$bn$2rdamedia
=338  \\$avolume$bnc$2rdacarrier
=490  1\$aThe Darksword trilogy ;$vv. 1
=490  0\$aA Bantam spectra book
=520  \\$aBorn without magical abilities in a magic world, Joram flees to the Outlands after being exiled from his village, and joins the scholar Saryon, practitioner of the outlawed arts of science and creator of the Darksword.
=650  \0$aFantasy.
=700  1\$aHickman, Tracy.
=830  \0$aDarksword trilogy ;$vv. 1.

