=LDR  04445cam  22004578i 4500
=001  737701
=005  20170525142205.0
=008  170317t20172017nyua\\\\\\\\\\000\1\eng\\
=010  \\$a  2017008124
=020  \\$a9780553392951$q(hardcover)
=020  \\$a0553392956$q(hardcover)
=020  \\$z9780553392968$q(ebook)
=020  \\$a9780553392951 : HRD$c32.00
=020  \\$a0553392956 : HRD$c32.00$z9780553392968 (ebook)
=035  \\$a(OCoLC)951753566$z(OCoLC)973769390
=035  \\$a(OCoLC)ocn951753566
=035  \\$a737543
=040  \\$aDLC$beng$erda$cDLC$dYDXCP$dBTCTA$dBDX$dOCLCO$dKYC$dOCLCQ$dOCLCF$dVTL$dLEB$dOCJ$dOCLCO$dABG$dOU9
=049  \\$aOEKA
=050  00$aPS3558.O33636$bA92 2017
=082  00$a813/.54$223
=084  \\$aFIC009020$aFIC002000$aFIC043000$2bisacsh
=100  1\$aHobb, Robin,$eauthor.
=245  10$aAssassin's fate /$cRobin Hobb.
=250  \\$aFirst edition.
=264  \1$aNew York :$bDel Rey,$c[2017]
=264  \4$c{copy}2017
=300  \\$a847 pages :$billustration ;$c25 cm.
=336  \\$atext$btxt$2rdacontent
=337  \\$aunmediated$bn$2rdamedia
=338  \\$avolume$bnc$2rdacarrier
=490  1\$aFitz and the fool ;$v3
=520  \\$a"The stunning conclusion to Robin Hobb's Fitz and the Fool trilogy, which began with Fool's Assassin and Fool's Quest "Every new Robin Hobb novel is a cause for celebration. Along with millions of her other fans, I delight in every visit to the Six Duchies, the Rain Wilds, and the Out Islands, and can't wait to see where she'll take me next."--George R.R. Martin More than twenty years ago, the first epic fantasy novel featuring FitzChivalry Farseer and his mysterious, often maddening friend the Fool struck like a bolt of brilliant lightning. Now New York Times bestselling author Robin Hobb brings to a momentous close the third trilogy featuring these beloved characters in a novel of unsurpassed artistry that is sure to endure as one of the great masterworks of the genre. Fitz's young daughter, Bee, has been kidnapped by the Servants, a secret society whose members not only dream of possible futures but use their prophecies to add to their wealth and influence. Bee plays a crucial part in these dreams--but just what part remains uncertain. As Bee is dragged by her sadistic captors across half the world, Fitz and the Fool, believing her dead, embark on a mission of revenge that will take them to the distant island where the Servants reside--a place the Fool once called home and later called prison. It was a hell the Fool escaped, maimed and blinded, swearing never to return. For all his injuries, however, the Fool is not as helpless as he seems. He is a dreamer too, able to shape the future. And though Fitz is no longer the peerless assassin of his youth, he remains a man to be reckoned with--deadly with blades and poison, and adept in Farseer magic. And their goal is simple: to make sure not a single Servant survives their scourge. PRAISE FOR ROBIN HOBB Fool's Assassin "Hobb knows the complicated workings of the wayward human heart, and she takes time to depict them in her tale, to tell her story sweetly, insistently, compellingly. A book meant to be inhabited rather than run through."--The Seattle Times "[Hobb's] prose sparkles, her characters leap off the page."--Tor.com "Fantastic. emotionally rich storytelling."--Library Journal (starred review) Fool's Quest "A complex tapestry of adventure, betrayal, destiny, and unrelenting peril. Hobb's expertise is evident as always."--Publishers Weekly "Glorious and beautiful storytelling. Hobb lets rip with revelations, treachery, vengeance, sword fights and full on magical mayhem."--SciFiNow "If readers have any doubt that Robin Hobb is one of the finest writers in the fantasy genre, then they haven't read any of her work."--SFFWorld"--$cProvided by publisher.
=520  \\$a"The epic conclusion of the Fitz and the Fool trilogy. In their continuing quest to save Fitz's daughter Bee, and destroy the sinister order that threatens her, Fitz and the Fool must not only face their most difficult challenges yet, but also come to terms with the unanswered questions of their pasts"--$cProvided by publisher.
=650  \0$aAssassins$vFiction.
=650  \0$aMagic$vFiction.
=655  \7$aFantasy fiction.$2gsafd
=655  \7$aFiction.$2fast$0(OCoLC)fst01423787
=655  \7$aFantasy fiction.$2lcgft
=800  1\$aHobb, Robin.$tFitz and the fool trilogy ;$vbk. 3.
=994  \\$aC0$bOEK

