=LDR  02502cam  2200361 i 4500
=001  737778
=005  20170508115500.0
=008  160826t20172017nyu\\\\\\\\\\\000\f\eng\\
=010  \\$a  2016033557
=020  \\$a9780316273435$q(hardcover)
=020  \\$a0316273430$q(hardcover)
=035  \\$a(OCoLC)ocn953598589
=035  \\$a719065
=040  \\$aDLC$beng$erda$cDLC$dYDXCP$dBTCTA$dBDX$dOPW$dOCJ$dLEB$dOCLCO$dOCLCF$dYDX$dOCLCO$dOCLCQ$dOCLCO$dXYZ
=049  \\$aZPJA
=050  00$aPS3611.A4327$bS63 2017
=082  00$a813/.6$223
=084  \\$aFIC019000$aFIC028000$aFIC002000$aFIC051000$aFIC045000$aFIC028010$aFIC039000$aFIC000000$2bisacsh
=100  1\$aKalfar, Jaroslav,$eauthor.
=245  10$aSpaceman of Bohemia /$cJaroslav Kalfa{caron}r.
=250  \\$aFirst edition.
=264  \1$aNew York :$bLittle, Brown and Company,$c2017.
=264  \4$c{copy}2017
=300  \\$a276 pages ;$c25 cm
=336  \\$atext$btxt$2rdacontent
=337  \\$aunmediated$bn$2rdamedia
=338  \\$avolume$bnc$2rdacarrier
=520  \\$a"When Jakub Procha is sent into space to examine a cosmic dust cloud covering Venus, it may be a solo suicide mission. Dreaming of becoming a national hero and desperate to atone for his father's sins as a Communist informer, he leaves his beloved wife behind and launches into the galaxy. But things aboard spaceship JanHus1 quickly turn weird, and, to make matters worse, he soon learns that his wife has disappeared without a trace back on Earth. As his spaceship hurtles toward an unknown danger and his sanity wavers, Jakub encounters an unlikely fellow passenger -- a giant alien spider. He and his strange arachnid companion form an unlikely bond over late-night refrigerator encounters, where they talk philosophy, love, life, death, and the incomprehensible deliciousness of bacon. But when their mission is thrown into crisis by secret Russian rivals, Jakub is forced to make violent decisions -- recalling the tortured past and dark political heritage he's buried -- in a desperate quest to return to his Earthly life. Packed with nail-biting thrills, exuberant heart, and surprising and absurd humor in the lineage of Kafka and Vonnegut, Spaceman of Bohemia offers an extraordinary vision of the endless human capacity to persist -- and risk everything -- in the name of love and home"--$cProvided by publisher.
=650  \0$aAstronauts$vFiction.
=650  \0$aSpiders$vFiction.
=650  \0$aInterplanetary voyages$vFiction.
=655  \7$aScience fiction.$2lcgft
=994  \\$aC0$bZPJ

