=LDR  01854cam  22004574a 4500
=001  744396
=005  20170606120919.0
=008  090107s2009\\\\nyu\\\\\\\\\\\000\1\eng\\
=010  \\$a  2009000124
=020  \\$a9780451462565$q(hc ;$qalk. paper)
=020  \\$a0451462564$q(alk. paper)
=020  \\$a9780451462817
=020  \\$a0451462815
=035  \\$a(OCoLC)233548311$z(OCoLC)861659897$z(OCoLC)966594179$z(OCoLC)967845378$z(OCoLC)973960875$z(OCoLC)980499793$z(OCoLC)985334140
=035  \\$a(OCoLC)ocn233548311
=035  \\$a350607
=040  \\$aDLC$beng$cDLC$dXY4$dBGTON$dCD5$dS66$dATIGN$dCNSAP$dLVF$dOCLCF$dAW3$dOCLCO$dOCL$dOCLCO$dOCL$dOCLCO$dTXMLI$dOCLCO
=043  \\$an-us-il
=050  00$aPS3602.U85$bT87 2009
=082  00$a813/.6$222
=100  1\$aButcher, Jim,$d1971-
=245  10$aTurn coat :$ba novel of the Dresden files /$cJim Butcher.
=260  \\$aNew York, N.Y. :$bROC,$c2009.
=300  \\$a420 pages ;$c24 cm.
=336  \\$atext$btxt$2rdacontent
=337  \\$aunmediated$bn$2rdamedia
=338  \\$avolume$bnc$2rdacarrier
=490  1\$aThe Dresden files
=520  \\$aHarry must uncover a traitor within the Wizards of the White Council, keep a less-than-agreeable warden under wraps, and avoid coming under scrutiny himself. And a single mistake may cost someone his head--someone like Harry.
=600  10$aDresden, Harry$c(Fictitious character)$vFiction.
=650  \0$aWizards$vFiction.
=651  \0$aChicago (Ill.)$vFiction.
=655  \7$aFantasy fiction.$2fast$0(OCoLC)fst01726607
=655  \4$aFantasy fiction.
=655  \4$aScience fiction.
=655  \7$aScience fiction.$2fast$0(OCoLC)fst01726489
=655  \7$aFiction.$2fast$0(OCoLC)fst01423787
=655  \7$aFantasy fiction.$2gsafd
=655  \7$aFantasy fiction.$2lcgft
=655  \7$aScience fiction.$2lcgft
=800  1\$aButcher, Jim,$d1971-$tDresden files.

